#extracted bib from paper.tex and //Users/micha/Library/texmf/bibtex/bib/MyRefGlobal.bib at time.struct_time(tm_year=2012, tm_mon=6, tm_mday=25, tm_hour=14, tm_min=39, tm_sec=12, tm_wday=0, tm_yday=177, tm_isdst=0)
@preamble{"\newcommand{\SortNoop}[1]{}"} 

@article{DalrympleKanazawa1998:Reciprocal-Expr,
	Author = {Mary Dalrymple and Makoto Kanazawa and Yookyung Kim and Sam Mchombo and Stanley Peters},
	Date-Added = {2012-05-20 09:16:26 +0000},
	Date-Modified = {2012-05-20 09:20:15 +0000},
	Doi = {10.1023/A:1005330227480},
	Journal = {Linguistics and Philosophy},
	Keywords = {strongest meaning hypothesis},
	Number = {2},
	Pages = {159--210},
	Title = {Reciprocal Expressions and the Concept of Reciprocity},
	Volume = {21},
	Year = {1998},
	Bdsk-File-1 = {YnBsaXN0MDDUAQIDBAUIJidUJHRvcFgkb2JqZWN0c1gkdmVyc2lvblkkYXJjaGl2ZXLRBgdUcm9vdIABqAkKFRYXGyIjVSRudWxs0wsMDQ4RFFpOUy5vYmplY3RzV05TLmtleXNWJGNsYXNzog8QgASABqISE4ACgAOAB1lhbGlhc0RhdGFccmVsYXRpdmVQYXRo0hgNGRpXTlMuZGF0YU8RAooAAAAAAooAAgAADE1hY2ludG9zaCBIRAAAAAAAAAAAAAAAAAAAAMarmBZIKwAAAAzdWh9EYWxyeW1wbGVLYW5hemF3YV8xOSM4RDY0MjAucGRmAAAAAAAAAAAAAAAAAAAAAAAAAAAAAAAAAAAAAAAAAAAAjWQgy96DqQAAAAAAAAAAAAQABQAACSAAAAAAAAAAAAAAAAAAAAAKTGl0ZXJhdHVyZQAQAAgAAMare/YAAAARAAgAAMveZ4kAAAABABgADN1aAAyfUAAMgOgAB/mwAAf5pQAAkOcAAgBbTWFjaW50b3NoIEhEOlVzZXJzOgBtaWNoYToARGVza3RvcDoAZGF0YToAc3luYzoATGl0ZXJhdHVyZToARGFscnltcGxlS2FuYXphd2FfMTkjOEQ2NDIwLnBkZgAADgCiAFAARABhAGwAcgB5AG0AcABsAGUASwBhAG4AYQB6AGEAdwBhAF8AMQA5ADkAOABfAFIAZQBjAGkAcAByAG8AYwBhAGwAIABFAHgAcAByAGUAcwBzAGkAbwBuAHMAIABhAG4AZAAgAHQAaABlACAAQwBvAG4AYwBlAHAAdAAgAG8AZgAgAFIAZQBjAGkAcAByAG8AYwBpAHQAeQAuAHAAZABmAA8AGgAMAE0AYQBjAGkAbgB0AG8AcwBoACAASABEABIAeVVzZXJzL21pY2hhL0Rlc2t0b3AvZGF0YS9zeW5jL0xpdGVyYXR1cmUvRGFscnltcGxlS2FuYXphd2FfMTk5OF9SZWNpcHJvY2FsIEV4cHJlc3Npb25zIGFuZCB0aGUgQ29uY2VwdCBvZiBSZWNpcHJvY2l0eS5wZGYAABMAAS8AABUAAgAM//8AAIAF0hwdHh9YJGNsYXNzZXNaJGNsYXNzbmFtZaMfICFdTlNNdXRhYmxlRGF0YVZOU0RhdGFYTlNPYmplY3RfEHkuLi8uLi8uLi8uLi9EZXNrdG9wL2RhdGEvc3luYy9MaXRlcmF0dXJlL0RhbHJ5bXBsZUthbmF6YXdhXzE5OThfUmVjaXByb2NhbCBFeHByZXNzaW9ucyBhbmQgdGhlIENvbmNlcHQgb2YgUmVjaXByb2NpdHkucGRm0hwdJCWiJSFcTlNEaWN0aW9uYXJ5EgABhqBfEA9OU0tleWVkQXJjaGl2ZXIACAARABYAHwAoADIANQA6ADwARQBLAFIAXQBlAGwAbwBxAHMAdgB4AHoAfACGAJMAmACgAy4DMAM1Az4DSQNNA1sDYgNrA+cD7APvA/wEAQAAAAAAAAIBAAAAAAAAACgAAAAAAAAAAAAAAAAAAAQT}}

@article{CliftonDube2010:Embedded-Implic,
	Author = {Charles Clifton and Chad Dube},
	Date-Added = {2012-03-27 10:54:49 +0200},
	Date-Modified = {2012-03-27 10:56:25 +0200},
	Doi = {10.3765/sp.3.7},
	Journal = {Semantics \& Pragmatics},
	Number = {7},
	Pages = {1--13},
	Title = {Embedded Implicatures Observed: {A} Comment on {G}eurts and {P}ouscoulous (2009)},
	Volume = {3},
	Year = {2010},
	Bdsk-File-1 = {YnBsaXN0MDDUAQIDBAUIJidUJHRvcFgkb2JqZWN0c1gkdmVyc2lvblkkYXJjaGl2ZXLRBgdUcm9vdIABqAkKFRYXGyIjVSRudWxs0wsMDQ4RFFpOUy5vYmplY3RzV05TLmtleXNWJGNsYXNzog8QgASABqISE4ACgAOAB1lhbGlhc0RhdGFccmVsYXRpdmVQYXRo0hgNGRpXTlMuZGF0YU8RArQAAAAAArQAAgAADE1hY2ludG9zaCBIRAAAAAAAAAAAAAAAAAAAAMarmBZIKwAAAAzdWh9DbGlmdG9uRHViZV8yMDEwX0VtYiM3RDMxOUMucGRmAAAAAAAAAAAAAAAAAAAAAAAAAAAAAAAAAAAAAAAAAAAAfTGcy5dM7wAAAAAAAAAAAAQABQAACSAAAAAAAAAAAAAAAAAAAAAKTGl0ZXJhdHVyZQAQAAgAAMare/YAAAARAAgAAMuXMM8AAAABABgADN1aAAyfUAAMgOgAB/mwAAf5pQAAkOcAAgBbTWFjaW50b3NoIEhEOlVzZXJzOgBtaWNoYToARGVza3RvcDoAZGF0YToAc3luYzoATGl0ZXJhdHVyZToAQ2xpZnRvbkR1YmVfMjAxMF9FbWIjN0QzMTlDLnBkZgAADgC+AF4AQwBsAGkAZgB0AG8AbgBEAHUAYgBlAF8AMgAwADEAMABfAEUAbQBiAGUAZABkAGUAZAAgAEkAbQBwAGwAaQBjAGEAdAB1AHIAZQBzACAATwBiAHMAZQByAHYAZQBkACAAQQAgAEMAbwBtAG0AZQBuAHQAIABvAG4AIABHAGUAdQByAHQAcwAgAGEAbgBkACAAUABvAHUAcwBjAG8AdQBsAG8AdQBzACAAKAAyADAAMAA5ACkALgBwAGQAZgAPABoADABNAGEAYwBpAG4AdABvAHMAaAAgAEgARAASAIdVc2Vycy9taWNoYS9EZXNrdG9wL2RhdGEvc3luYy9MaXRlcmF0dXJlL0NsaWZ0b25EdWJlXzIwMTBfRW1iZWRkZWQgSW1wbGljYXR1cmVzIE9ic2VydmVkIEEgQ29tbWVudCBvbiBHZXVydHMgYW5kIFBvdXNjb3Vsb3VzICgyMDA5KS5wZGYAABMAAS8AABUAAgAM//8AAIAF0hwdHh9YJGNsYXNzZXNaJGNsYXNzbmFtZaMfICFdTlNNdXRhYmxlRGF0YVZOU0RhdGFYTlNPYmplY3RfEIcuLi8uLi8uLi8uLi9EZXNrdG9wL2RhdGEvc3luYy9MaXRlcmF0dXJlL0NsaWZ0b25EdWJlXzIwMTBfRW1iZWRkZWQgSW1wbGljYXR1cmVzIE9ic2VydmVkIEEgQ29tbWVudCBvbiBHZXVydHMgYW5kIFBvdXNjb3Vsb3VzICgyMDA5KS5wZGbSHB0kJaIlIVxOU0RpY3Rpb25hcnkSAAGGoF8QD05TS2V5ZWRBcmNoaXZlcgAIABEAFgAfACgAMgA1ADoAPABFAEsAUgBdAGUAbABvAHEAcwB2AHgAegB8AIYAkwCYAKADWANaA18DaANzA3cDhQOMA5UEHwQkBCcENAQ5AAAAAAAAAgEAAAAAAAAAKAAAAAAAAAAAAAAAAAAABEs=}}

@article{Stechowvon-StechowZimmermann1984:Term-Answers-an,
	Author = {{\SortNoop{Stechow}}von Stechow, Arnim and Thomas Ede Zimmermann},
	Date-Added = {2010-09-13 11:39:43 +0200},
	Date-Modified = {2011-01-24 18:10:47 +0100},
	Doi = {doi:10.1515/ling.1984.22.1.3},
	Journal = {Linguistics},
	Number = {1},
	Pages = {3--40},
	Title = {Term Answers and Contextual Change},
	Volume = {22},
	Year = {1984},
	Bdsk-Url-1 = {http://dx.doi.org/10.1515/ling.1984.22.1.3}}

@article{Soames1982:How-Presupposit,
	Author = {Scott Soames},
	Date-Added = {2008-09-22 19:56:19 +0200},
	Date-Modified = {2008-09-22 19:57:28 +0200},
	Journal = {Linguistic Inquiry},
	Number = {3},
	Pages = {483--545},
	Title = {How Presuppositions are Inherited: A Solution to the Projection Problem},
	Volume = {13},
	Year = {1982}}

@article{Russell2006:Against-Grammat,
	Author = {Benjamin Russell},
	Date-Added = {2009-01-06 11:03:41 +0100},
	Date-Modified = {2011-01-24 22:28:34 +0100},
	Doi = {10.1093/jos/ffl008},
	Journal = {Journal of Semantics},
	Local-Url = {file://localhost/Users/micha/Desktop/data/sync/Literature/Russell_2006_Against%20Grammatical%20Computation%20of%20Scalar%20Implicatures.pdf},
	Number = {361--382},
	Title = {Against Grammatical Computation of Scalar Implicatures},
	Volume = {23},
	Year = {2006},
	Bdsk-File-1 = {YnBsaXN0MDDUAQIDBAUIJidUJHRvcFgkb2JqZWN0c1gkdmVyc2lvblkkYXJjaGl2ZXLRBgdUcm9vdIABqAkKFRYXGyIjVSRudWxs0wsMDQ4RFFpOUy5vYmplY3RzV05TLmtleXNWJGNsYXNzog8QgASABqISE4ACgAOAB1lhbGlhc0RhdGFccmVsYXRpdmVQYXRo0hgNGRpXTlMuZGF0YU8RAm4AAAAAAm4AAgAADE1hY2ludG9zaCBIRAAAAAAAAAAAAAAAAAAAAMarmBZIKwAAAAzdWh9SdXNzZWxsXzIwMDZfQWdhaW5zdCAjQ0UwMjMucGRmAAAAAAAAAAAAAAAAAAAAAAAAAAAAAAAAAAAAAAAAAAAADOAjxZEqtgAAAAAAAAAAAAQABQAACSAAAAAAAAAAAAAAAAAAAAAKTGl0ZXJhdHVyZQAQAAgAAMare/YAAAARAAgAAMWRHKYAAAABABgADN1aAAyfUAAMgOgAB/mwAAf5pQAAkOcAAgBbTWFjaW50b3NoIEhEOlVzZXJzOgBtaWNoYToARGVza3RvcDoAZGF0YToAc3luYzoATGl0ZXJhdHVyZToAUnVzc2VsbF8yMDA2X0FnYWluc3QgI0NFMDIzLnBkZgAADgCQAEcAUgB1AHMAcwBlAGwAbABfADIAMAAwADYAXwBBAGcAYQBpAG4AcwB0ACAARwByAGEAbQBtAGEAdABpAGMAYQBsACAAQwBvAG0AcAB1AHQAYQB0AGkAbwBuACAAbwBmACAAUwBjAGEAbABhAHIAIABJAG0AcABsAGkAYwBhAHQAdQByAGUAcwAuAHAAZABmAA8AGgAMAE0AYQBjAGkAbgB0AG8AcwBoACAASABEABIAcFVzZXJzL21pY2hhL0Rlc2t0b3AvZGF0YS9zeW5jL0xpdGVyYXR1cmUvUnVzc2VsbF8yMDA2X0FnYWluc3QgR3JhbW1hdGljYWwgQ29tcHV0YXRpb24gb2YgU2NhbGFyIEltcGxpY2F0dXJlcy5wZGYAEwABLwAAFQACAAz//wAAgAXSHB0eH1gkY2xhc3Nlc1okY2xhc3NuYW1lox8gIV1OU011dGFibGVEYXRhVk5TRGF0YVhOU09iamVjdF8QcC4uLy4uLy4uLy4uL0Rlc2t0b3AvZGF0YS9zeW5jL0xpdGVyYXR1cmUvUnVzc2VsbF8yMDA2X0FnYWluc3QgR3JhbW1hdGljYWwgQ29tcHV0YXRpb24gb2YgU2NhbGFyIEltcGxpY2F0dXJlcy5wZGbSHB0kJaIlIVxOU0RpY3Rpb25hcnkSAAGGoF8QD05TS2V5ZWRBcmNoaXZlcgAIABEAFgAfACgAMgA1ADoAPABFAEsAUgBdAGUAbABvAHEAcwB2AHgAegB8AIYAkwCYAKADEgMUAxkDIgMtAzEDPwNGA08DwgPHA8oD1wPcAAAAAAAAAgEAAAAAAAAAKAAAAAAAAAAAAAAAAAAAA+4=}}

@article{BrehenyKatsos2006:Are-Generalised,
	Author = {Richard Breheny and Napoleon Katsos and John Williams},
	Date-Added = {2008-12-13 18:53:32 +0100},
	Date-Modified = {2008-12-13 18:56:47 +0100},
	Journal = {Cognition},
	Local-Url = {file://localhost/Users/micha/Desktop/data/sync/Literature/BrehenyKatsos_2006_Are%20Generalised%20Scalar%20Implicatures%20Generated%20by%20Default%3F%20An%20On-Line%20Investigation.pdf},
	Number = {3},
	Pages = {434--463},
	Title = {Are Generalised Scalar Implicatures Generated by Default? {A}n On-Line Investigation into the Role of Context in Generating Pragmatic Inferences},
	Volume = {100},
	Year = {2006},
	Bdsk-File-1 = {YnBsaXN0MDDUAQIDBAUIJidUJHRvcFgkb2JqZWN0c1gkdmVyc2lvblkkYXJjaGl2ZXLRBgdUcm9vdIABqAkKFRYXGyIjVSRudWxs0wsMDQ4RFFpOUy5vYmplY3RzV05TLmtleXNWJGNsYXNzog8QgASABqISE4ACgAOAB1lhbGlhc0RhdGFccmVsYXRpdmVQYXRo0hgNGRpXTlMuZGF0YU8RAtQAAAAAAtQAAgAADE1hY2ludG9zaCBIRAAAAAAAAAAAAAAAAAAAAMarmBZIKwAAAAzdWh9CcmVoZW55S2F0c29zXzIwMDZfQXIjQ0REODgucGRmAAAAAAAAAAAAAAAAAAAAAAAAAAAAAAAAAAAAAAAAAAAADN2IxWvj+QAAAAAAAAAAAAQABQAACSAAAAAAAAAAAAAAAAAAAAAKTGl0ZXJhdHVyZQAQAAgAAMare/YAAAARAAgAAMVr1ekAAAABABgADN1aAAyfUAAMgOgAB/mwAAf5pQAAkOcAAgBbTWFjaW50b3NoIEhEOlVzZXJzOgBtaWNoYToARGVza3RvcDoAZGF0YToAc3luYzoATGl0ZXJhdHVyZToAQnJlaGVueUthdHNvc18yMDA2X0FyI0NERDg4LnBkZgAADgDUAGkAQgByAGUAaABlAG4AeQBLAGEAdABzAG8AcwBfADIAMAAwADYAXwBBAHIAZQAgAEcAZQBuAGUAcgBhAGwAaQBzAGUAZAAgAFMAYwBhAGwAYQByACAASQBtAHAAbABpAGMAYQB0AHUAcgBlAHMAIABHAGUAbgBlAHIAYQB0AGUAZAAgAGIAeQAgAEQAZQBmAGEAdQBsAHQAPwAgAEEAbgAgAE8AbgAtAEwAaQBuAGUAIABJAG4AdgBlAHMAdABpAGcAYQB0AGkAbwBuAC4AcABkAGYADwAaAAwATQBhAGMAaQBuAHQAbwBzAGgAIABIAEQAEgCSVXNlcnMvbWljaGEvRGVza3RvcC9kYXRhL3N5bmMvTGl0ZXJhdHVyZS9CcmVoZW55S2F0c29zXzIwMDZfQXJlIEdlbmVyYWxpc2VkIFNjYWxhciBJbXBsaWNhdHVyZXMgR2VuZXJhdGVkIGJ5IERlZmF1bHQ/IEFuIE9uLUxpbmUgSW52ZXN0aWdhdGlvbi5wZGYAEwABLwAAFQACAAz//wAAgAXSHB0eH1gkY2xhc3Nlc1okY2xhc3NuYW1lox8gIV1OU011dGFibGVEYXRhVk5TRGF0YVhOU09iamVjdF8Qki4uLy4uLy4uLy4uL0Rlc2t0b3AvZGF0YS9zeW5jL0xpdGVyYXR1cmUvQnJlaGVueUthdHNvc18yMDA2X0FyZSBHZW5lcmFsaXNlZCBTY2FsYXIgSW1wbGljYXR1cmVzIEdlbmVyYXRlZCBieSBEZWZhdWx0PyBBbiBPbi1MaW5lIEludmVzdGlnYXRpb24ucGRm0hwdJCWiJSFcTlNEaWN0aW9uYXJ5EgABhqBfEA9OU0tleWVkQXJjaGl2ZXIACAARABYAHwAoADIANQA6ADwARQBLAFIAXQBlAGwAbwBxAHMAdgB4AHoAfACGAJMAmACgA3gDegN/A4gDkwOXA6UDrAO1BEoETwRSBF8EZAAAAAAAAAIBAAAAAAAAACgAAAAAAAAAAAAAAAAAAAR2}}

@article{Sauerland2010:Embedded-Implic,
	Author = {Uli Sauerland},
	Date-Added = {2012-05-23 14:56:18 +0000},
	Date-Modified = {2012-05-23 14:59:03 +0000},
	Doi = {10.3765/sp.3.2},
	Journal = {Semantics \& Pragmatics},
	Number = {2},
	Pages = {1--13},
	Title = {Embedded Implicatures and Experimental Constraints: {A} Reply to Geurts \& Pouscoulous and Chemla},
	Volume = {3},
	Year = {2010},
	Bdsk-File-1 = {YnBsaXN0MDDUAQIDBAUIJidUJHRvcFgkb2JqZWN0c1gkdmVyc2lvblkkYXJjaGl2ZXLRBgdUcm9vdIABqAkKFRYXGyIjVSRudWxs0wsMDQ4RFFpOUy5vYmplY3RzV05TLmtleXNWJGNsYXNzog8QgASABqISE4ACgAOAB1lhbGlhc0RhdGFccmVsYXRpdmVQYXRo0hgNGRpXTlMuZGF0YU8RAswAAAAAAswAAgAADE1hY2ludG9zaCBIRAAAAAAAAAAAAAAAAAAAAMarmBZIKwAAAAzdWh9TYXVlcmxhbmRfMjAxMF9FbWJlZCM4RjBFNzcucGRmAAAAAAAAAAAAAAAAAAAAAAAAAAAAAAAAAAAAAAAAAAAAjw53y+LHaAAAAAAAAAAAAAQABQAACSAAAAAAAAAAAAAAAAAAAAAKTGl0ZXJhdHVyZQAQAAgAAMare/YAAAARAAgAAMviq0gAAAABABgADN1aAAyfUAAMgOgAB/mwAAf5pQAAkOcAAgBbTWFjaW50b3NoIEhEOlVzZXJzOgBtaWNoYToARGVza3RvcDoAZGF0YToAc3luYzoATGl0ZXJhdHVyZToAU2F1ZXJsYW5kXzIwMTBfRW1iZWQjOEYwRTc3LnBkZgAADgDOAGYAUwBhAHUAZQByAGwAYQBuAGQAXwAyADAAMQAwAF8ARQBtAGIAZQBkAGQAZQBkACAASQBtAHAAbABpAGMAYQB0AHUAcgBlAHMAIABhAG4AZAAgAEUAeABwAGUAcgBpAG0AZQBuAHQAYQBsACAAQwBvAG4AcwB0AHIAYQBpAG4AdABzACAAQQAgAFIAZQBwAGwAeQAgAHQAbwAgAEcAZQB1AHIAdABzACAAXAAmACAAUABvAHUAcwBjAG8AdQBsAG8AdQBzAC4AcABkAGYADwAaAAwATQBhAGMAaQBuAHQAbwBzAGgAIABIAEQAEgCPVXNlcnMvbWljaGEvRGVza3RvcC9kYXRhL3N5bmMvTGl0ZXJhdHVyZS9TYXVlcmxhbmRfMjAxMF9FbWJlZGRlZCBJbXBsaWNhdHVyZXMgYW5kIEV4cGVyaW1lbnRhbCBDb25zdHJhaW50cyBBIFJlcGx5IHRvIEdldXJ0cyBcJiBQb3VzY291bG91cy5wZGYAABMAAS8AABUAAgAM//8AAIAF0hwdHh9YJGNsYXNzZXNaJGNsYXNzbmFtZaMfICFdTlNNdXRhYmxlRGF0YVZOU0RhdGFYTlNPYmplY3RfEI8uLi8uLi8uLi8uLi9EZXNrdG9wL2RhdGEvc3luYy9MaXRlcmF0dXJlL1NhdWVybGFuZF8yMDEwX0VtYmVkZGVkIEltcGxpY2F0dXJlcyBhbmQgRXhwZXJpbWVudGFsIENvbnN0cmFpbnRzIEEgUmVwbHkgdG8gR2V1cnRzIFwmIFBvdXNjb3Vsb3VzLnBkZtIcHSQloiUhXE5TRGljdGlvbmFyeRIAAYagXxAPTlNLZXllZEFyY2hpdmVyAAgAEQAWAB8AKAAyADUAOgA8AEUASwBSAF0AZQBsAG8AcQBzAHYAeAB6AHwAhgCTAJgAoANwA3IDdwOAA4sDjwOdA6QDrQQ/BEQERwRUBFkAAAAAAAACAQAAAAAAAAAoAAAAAAAAAAAAAAAAAAAEaw==}}

@phdthesis{GroenendijkStokhofThesis1984,
	Author = {Jeroen Groenendijk and Martin Stokhof},
	Date-Modified = {2011-10-11 09:26:50 +0200},
	Local-Url = {file://localhost/Users/micha/Desktop/data/sync/Literature/GroenendijkStokhof_1984_Studies%20in%20the%20Semantics%20of%20Questions%20and%20the%20Pragmatics%20of%20Answers.pdf},
	School = {Universiteit van Amsterdam},
	Title = {Studies in the Semantics of Questions and the Pragmatics of Answers},
	Year = {1984},
	Bdsk-File-1 = {YnBsaXN0MDDUAQIDBAUIJidUJHRvcFgkb2JqZWN0c1gkdmVyc2lvblkkYXJjaGl2ZXLRBgdUcm9vdIABqAkKFRYXGyIjVSRudWxs0wsMDQ4RFFpOUy5vYmplY3RzV05TLmtleXNWJGNsYXNzog8QgASABqISE4ACgAOAB1lhbGlhc0RhdGFccmVsYXRpdmVQYXRo0hgNGRpXTlMuZGF0YU8RArYAAAAAArYAAgAADE1hY2ludG9zaCBIRAAAAAAAAAAAAAAAAAAAAMarmBZIKwAAAAzdWh9Hcm9lbmVuZGlqa1N0b2tob2ZfMSM2MDg0NjYucGRmAAAAAAAAAAAAAAAAAAAAAAAAAAAAAAAAAAAAAAAAAAAAYIRmxa30cgAAAAAAAAAAAAQABQAACSAAAAAAAAAAAAAAAAAAAAAKTGl0ZXJhdHVyZQAQAAgAAMare/YAAAARAAgAAMWt5mIAAAABABgADN1aAAyfUAAMgOgAB/mwAAf5pQAAkOcAAgBbTWFjaW50b3NoIEhEOlVzZXJzOgBtaWNoYToARGVza3RvcDoAZGF0YToAc3luYzoATGl0ZXJhdHVyZToAR3JvZW5lbmRpamtTdG9raG9mXzEjNjA4NDY2LnBkZgAADgDAAF8ARwByAG8AZQBuAGUAbgBkAGkAagBrAFMAdABvAGsAaABvAGYAXwAxADkAOAA0AF8AUwB0AHUAZABpAGUAcwAgAGkAbgAgAHQAaABlACAAUwBlAG0AYQBuAHQAaQBjAHMAIABvAGYAIABRAHUAZQBzAHQAaQBvAG4AcwAgAGEAbgBkACAAdABoAGUAIABQAHIAYQBnAG0AYQB0AGkAYwBzACAAbwBmACAAQQBuAHMAdwBlAHIAcwAuAHAAZABmAA8AGgAMAE0AYQBjAGkAbgB0AG8AcwBoACAASABEABIAiFVzZXJzL21pY2hhL0Rlc2t0b3AvZGF0YS9zeW5jL0xpdGVyYXR1cmUvR3JvZW5lbmRpamtTdG9raG9mXzE5ODRfU3R1ZGllcyBpbiB0aGUgU2VtYW50aWNzIG9mIFF1ZXN0aW9ucyBhbmQgdGhlIFByYWdtYXRpY3Mgb2YgQW5zd2Vycy5wZGYAEwABLwAAFQACAAz//wAAgAXSHB0eH1gkY2xhc3Nlc1okY2xhc3NuYW1lox8gIV1OU011dGFibGVEYXRhVk5TRGF0YVhOU09iamVjdF8QiC4uLy4uLy4uLy4uL0Rlc2t0b3AvZGF0YS9zeW5jL0xpdGVyYXR1cmUvR3JvZW5lbmRpamtTdG9raG9mXzE5ODRfU3R1ZGllcyBpbiB0aGUgU2VtYW50aWNzIG9mIFF1ZXN0aW9ucyBhbmQgdGhlIFByYWdtYXRpY3Mgb2YgQW5zd2Vycy5wZGbSHB0kJaIlIVxOU0RpY3Rpb25hcnkSAAGGoF8QD05TS2V5ZWRBcmNoaXZlcgAIABEAFgAfACgAMgA1ADoAPABFAEsAUgBdAGUAbABvAHEAcwB2AHgAegB8AIYAkwCYAKADWgNcA2EDagN1A3kDhwOOA5cEIgQnBCoENwQ8AAAAAAAAAgEAAAAAAAAAKAAAAAAAAAAAAAAAAAAABE4=},
	Bdsk-File-2 = {YnBsaXN0MDDUAQIDBAUIJidUJHRvcFgkb2JqZWN0c1gkdmVyc2lvblkkYXJjaGl2ZXLRBgdUcm9vdIABqAkKFRYXGyIjVSRudWxs0wsMDQ4RFFpOUy5vYmplY3RzV05TLmtleXNWJGNsYXNzog8QgASABqISE4ACgAOAB1lhbGlhc0RhdGFccmVsYXRpdmVQYXRo0hgNGRpXTlMuZGF0YU8RAroAAAAAAroAAgAADE1hY2ludG9zaCBIRAAAAAAAAAAAAAAAAAAAAMarmBZIKwAAAAzdWh9Hcm9lbmVuZGlqa1N0b2tob2ZfMSM2MDg0NjcucGRmAAAAAAAAAAAAAAAAAAAAAAAAAAAAAAAAAAAAAAAAAAAAYIRnxa30cwAAAAAAAAAAAAQABQAACSAAAAAAAAAAAAAAAAAAAAAKTGl0ZXJhdHVyZQAQAAgAAMare/YAAAARAAgAAMWt5mMAAAABABgADN1aAAyfUAAMgOgAB/mwAAf5pQAAkOcAAgBbTWFjaW50b3NoIEhEOlVzZXJzOgBtaWNoYToARGVza3RvcDoAZGF0YToAc3luYzoATGl0ZXJhdHVyZToAR3JvZW5lbmRpamtTdG9raG9mXzEjNjA4NDY3LnBkZgAADgDCAGAARwByAG8AZQBuAGUAbgBkAGkAagBrAFMAdABvAGsAaABvAGYAXwAxADkAOAA0AF8AUwB0AHUAZABpAGUAcwAgAGkAbgAgAHQAaABlACAAUwBlAG0AYQBuAHQAaQBjAHMAIABvAGYAIABRAHUAZQBzAHQAaQBvAG4AcwAgAGEAbgBkACAAdABoAGUAIABQAHIAYQBnAG0AYQB0AGkAYwBzACAAbwBmACAAQQBuAHMAdwBlAHIAcwBhAC4AcABkAGYADwAaAAwATQBhAGMAaQBuAHQAbwBzAGgAIABIAEQAEgCJVXNlcnMvbWljaGEvRGVza3RvcC9kYXRhL3N5bmMvTGl0ZXJhdHVyZS9Hcm9lbmVuZGlqa1N0b2tob2ZfMTk4NF9TdHVkaWVzIGluIHRoZSBTZW1hbnRpY3Mgb2YgUXVlc3Rpb25zIGFuZCB0aGUgUHJhZ21hdGljcyBvZiBBbnN3ZXJzYS5wZGYAABMAAS8AABUAAgAM//8AAIAF0hwdHh9YJGNsYXNzZXNaJGNsYXNzbmFtZaMfICFdTlNNdXRhYmxlRGF0YVZOU0RhdGFYTlNPYmplY3RfEIkuLi8uLi8uLi8uLi9EZXNrdG9wL2RhdGEvc3luYy9MaXRlcmF0dXJlL0dyb2VuZW5kaWprU3Rva2hvZl8xOTg0X1N0dWRpZXMgaW4gdGhlIFNlbWFudGljcyBvZiBRdWVzdGlvbnMgYW5kIHRoZSBQcmFnbWF0aWNzIG9mIEFuc3dlcnNhLnBkZtIcHSQloiUhXE5TRGljdGlvbmFyeRIAAYagXxAPTlNLZXllZEFyY2hpdmVyAAgAEQAWAB8AKAAyADUAOgA8AEUASwBSAF0AZQBsAG8AcQBzAHYAeAB6AHwAhgCTAJgAoANeA2ADZQNuA3kDfQOLA5IDmwQnBCwELwQ8BEEAAAAAAAACAQAAAAAAAAAoAAAAAAAAAAAAAAAAAAAEUw==}}

@article{GrodnerKlein2010:Some-and-Possib,
	Author = {Daniel J. Grodner and Natalie M. Klein and Kathleen M. Carbary and Michael K. Tanenhaus},
	Date-Added = {2010-10-04 22:28:13 +0200},
	Date-Modified = {2010-10-04 22:28:13 +0200},
	Journal = {Cognition},
	Pages = {42--55},
	Title = {``Some,'' and Possibly All, Scalar Inferences are not Delayed: {E}vidence for Immediate Pragmatic Enrichment},
	Volume = {166},
	Year = {2010},
	Bdsk-File-1 = {YnBsaXN0MDDUAQIDBAUIJidUJHRvcFgkb2JqZWN0c1gkdmVyc2lvblkkYXJjaGl2ZXLRBgdUcm9vdIABqAkKFRYXGyIjVSRudWxs0wsMDQ4RFFpOUy5vYmplY3RzV05TLmtleXNWJGNsYXNzog8QgASABqISE4ACgAOAB1lhbGlhc0RhdGFccmVsYXRpdmVQYXRo0hgNGRpXTlMuZGF0YU8RAq4AAAAAAq4AAgAADE1hY2ludG9zaCBIRAAAAAAAAAAAAAAAAAAAAMarmBZIKwAAAAzdWh9Hcm9kbmVyS2xlaW5fMjAxMF9gYCMyN0IwOUIucGRmAAAAAAAAAAAAAAAAAAAAAAAAAAAAAAAAAAAAAAAAAAAAJ7CbyMzAd1BERiAAAAAAAAQABQAACSAAAAAAAAAAAAAAAAAAAAAKTGl0ZXJhdHVyZQAQAAgAAMare/YAAAARAAgAAMjMpFcAAAABABgADN1aAAyfUAAMgOgAB/mwAAf5pQAAkOcAAgBbTWFjaW50b3NoIEhEOlVzZXJzOgBtaWNoYToARGVza3RvcDoAZGF0YToAc3luYzoATGl0ZXJhdHVyZToAR3JvZG5lcktsZWluXzIwMTBfYGAjMjdCMDlCLnBkZgAADgC6AFwARwByAG8AZABuAGUAcgBLAGwAZQBpAG4AXwAyADAAMQAwAF8AYABgAFMAbwBtAGUALAAnACcAIABhAG4AZAAgAFAAbwBzAHMAaQBiAGwAeQAgAEEAbABsACwAIABTAGMAYQBsAGEAcgAgAEkAbgBmAGUAcgBlAG4AYwBlAHMAIABhAHIAZQAgAG4AbwB0ACAARABlAGwAYQB5AGUAZAAgAEUAdgBpAGQAZQBuAGMAZQAuAHAAZABmAA8AGgAMAE0AYQBjAGkAbgB0AG8AcwBoACAASABEABIAhVVzZXJzL21pY2hhL0Rlc2t0b3AvZGF0YS9zeW5jL0xpdGVyYXR1cmUvR3JvZG5lcktsZWluXzIwMTBfYGBTb21lLCcnIGFuZCBQb3NzaWJseSBBbGwsIFNjYWxhciBJbmZlcmVuY2VzIGFyZSBub3QgRGVsYXllZCBFdmlkZW5jZS5wZGYAABMAAS8AABUAAgAM//8AAIAF0hwdHh9YJGNsYXNzZXNaJGNsYXNzbmFtZaMfICFdTlNNdXRhYmxlRGF0YVZOU0RhdGFYTlNPYmplY3RfEIUuLi8uLi8uLi8uLi9EZXNrdG9wL2RhdGEvc3luYy9MaXRlcmF0dXJlL0dyb2RuZXJLbGVpbl8yMDEwX2BgU29tZSwnJyBhbmQgUG9zc2libHkgQWxsLCBTY2FsYXIgSW5mZXJlbmNlcyBhcmUgbm90IERlbGF5ZWQgRXZpZGVuY2UucGRm0hwdJCWiJSFcTlNEaWN0aW9uYXJ5EgABhqBfEA9OU0tleWVkQXJjaGl2ZXIACAARABYAHwAoADIANQA6ADwARQBLAFIAXQBlAGwAbwBxAHMAdgB4AHoAfACGAJMAmACgA1IDVANZA2IDbQNxA38DhgOPBBcEHAQfBCwEMQAAAAAAAAIBAAAAAAAAACgAAAAAAAAAAAAAAAAAAARD}}

@article{NeysDe-NeysSchaeken2007:When-People-Are,
	Author = {{\SortNoop{Neys}}{De Neys}, Wim and Walter Schaeken},
	Date-Added = {2010-11-19 17:28:53 +0100},
	Date-Modified = {2010-11-19 17:30:38 +0100},
	Journal = {Experimental Psychology},
	Number = {2},
	Pages = {128--133},
	Title = {When People Are More Logical Under Cognitive Load: {D}ual Task Impact on Scalar Implicature},
	Volume = {54},
	Year = {2007},
	Bdsk-File-1 = {YnBsaXN0MDDUAQIDBAUIJidUJHRvcFgkb2JqZWN0c1gkdmVyc2lvblkkYXJjaGl2ZXLRBgdUcm9vdIABqAkKFRYXGyIjVSRudWxs0wsMDQ4RFFpOUy5vYmplY3RzV05TLmtleXNWJGNsYXNzog8QgASABqISE4ACgAOAB1lhbGlhc0RhdGFccmVsYXRpdmVQYXRo0hgNGRpXTlMuZGF0YU8RAoQAAAAAAoQAAgAADE1hY2ludG9zaCBIRAAAAAAAAAAAAAAAAAAAAMarmBZIKwAAAAzdWh9OZXlzRGUgTmV5c1NjaGFla2VuXyMzMTg5MkQucGRmAAAAAAAAAAAAAAAAAAAAAAAAAAAAAAAAAAAAAAAAAAAAMYktyQ9ZHQAAAAAAAAAAAAQABQAACSAAAAAAAAAAAAAAAAAAAAAKTGl0ZXJhdHVyZQAQAAgAAMare/YAAAARAAgAAMkPSw0AAAABABgADN1aAAyfUAAMgOgAB/mwAAf5pQAAkOcAAgBbTWFjaW50b3NoIEhEOlVzZXJzOgBtaWNoYToARGVza3RvcDoAZGF0YToAc3luYzoATGl0ZXJhdHVyZToATmV5c0RlIE5leXNTY2hhZWtlbl8jMzE4OTJELnBkZgAADgCeAE4ATgBlAHkAcwBEAGUAIABOAGUAeQBzAFMAYwBoAGEAZQBrAGUAbgBfADIAMAAwADcAXwBXAGgAZQBuACAAUABlAG8AcABsAGUAIABBAHIAZQAgAE0AbwByAGUAIABMAG8AZwBpAGMAYQBsACAAVQBuAGQAZQByACAAQwBvAGcAbgBpAHQAaQB2AGUAIABMAG8AYQBkAC4AcABkAGYADwAaAAwATQBhAGMAaQBuAHQAbwBzAGgAIABIAEQAEgB3VXNlcnMvbWljaGEvRGVza3RvcC9kYXRhL3N5bmMvTGl0ZXJhdHVyZS9OZXlzRGUgTmV5c1NjaGFla2VuXzIwMDdfV2hlbiBQZW9wbGUgQXJlIE1vcmUgTG9naWNhbCBVbmRlciBDb2duaXRpdmUgTG9hZC5wZGYAABMAAS8AABUAAgAM//8AAIAF0hwdHh9YJGNsYXNzZXNaJGNsYXNzbmFtZaMfICFdTlNNdXRhYmxlRGF0YVZOU0RhdGFYTlNPYmplY3RfEHcuLi8uLi8uLi8uLi9EZXNrdG9wL2RhdGEvc3luYy9MaXRlcmF0dXJlL05leXNEZSBOZXlzU2NoYWVrZW5fMjAwN19XaGVuIFBlb3BsZSBBcmUgTW9yZSBMb2dpY2FsIFVuZGVyIENvZ25pdGl2ZSBMb2FkLnBkZtIcHSQloiUhXE5TRGljdGlvbmFyeRIAAYagXxAPTlNLZXllZEFyY2hpdmVyAAgAEQAWAB8AKAAyADUAOgA8AEUASwBSAF0AZQBsAG8AcQBzAHYAeAB6AHwAhgCTAJgAoAMoAyoDLwM4A0MDRwNVA1wDZQPfA+QD5wP0A/kAAAAAAAACAQAAAAAAAAAoAAAAAAAAAAAAAAAAAAAECw==}}

@misc{BrehenyKatsos2008:Experimental-In,
	Author = {Richard Breheny and Napoleon Katsos},
	Date-Added = {2008-11-05 10:39:02 +0100},
	Date-Modified = {2008-11-05 10:40:56 +0100},
	Howpublished = {Course Material for ESSLLI},
	Local-Url = {file://localhost/Users/mfranke/Desktop/data/sync/Literature/BrehenyKatsos_2008_Experimental%20Investigations%20of%20the%20Semantics-Pragmatics%20Interface.pdf},
	Title = {Experimental Investigations of the Semantics/Pragmatics Interface},
	Year = {2008}}

@incollection{Fox2007:Free-Choice-and,
	Address = {Hampshire},
	Author = {Danny Fox},
	Booktitle = {Presupposition and Implicature in Compositional Semantics},
	Date-Added = {2007-08-27 16:01:20 +0200},
	Date-Modified = {2010-08-26 14:26:06 +0200},
	Editor = {Uli Sauerland and Penka Stateva},
	Local-Url = {file://localhost/Users/micha/Desktop/data/sync/Literature/Fox_2006_Free%20Choice%20and%20the%20theory%20of%20Scalar%20Implicatures.pdf},
	Pages = {71--120},
	Publisher = {Palgrave MacMillan},
	Title = {Free Choice and the Theory of Scalar Implicatures},
	Year = {2007},
	Bdsk-File-1 = {YnBsaXN0MDDUAQIDBAUIJidUJHRvcFgkb2JqZWN0c1gkdmVyc2lvblkkYXJjaGl2ZXLRBgdUcm9vdIABqAkKFRYXGyIjVSRudWxs0wsMDQ4RFFpOUy5vYmplY3RzV05TLmtleXNWJGNsYXNzog8QgASABqISE4ACgAOAB1lhbGlhc0RhdGFccmVsYXRpdmVQYXRo0hgNGRpXTlMuZGF0YU8RAlQAAAAAAlQAAgAADE1hY2ludG9zaCBIRAAAAAAAAAAAAAAAAAAAAMarmBZIKwAAAAzdWh9Gb3hfMjAwNl9GcmVlIENob2ljZSAjQ0REQ0QucGRmAAAAAAAAAAAAAAAAAAAAAAAAAAAAAAAAAAAAAAAAAAAADN3NAAAAAFBERiBDQVJPAAQABQAACSAAAAAAAAAAAAAAAAAAAAAKTGl0ZXJhdHVyZQAQAAgAAMare/YAAAARAAgAAAAAAAAAAAABABgADN1aAAyfUAAMgOgAB/mwAAf5pQAAkOcAAgBbTWFjaW50b3NoIEhEOlVzZXJzOgBtaWNoYToARGVza3RvcDoAZGF0YToAc3luYzoATGl0ZXJhdHVyZToARm94XzIwMDZfRnJlZSBDaG9pY2UgI0NERENELnBkZgAADgB+AD4ARgBvAHgAXwAyADAAMAA2AF8ARgByAGUAZQAgAEMAaABvAGkAYwBlACAAYQBuAGQAIAB0AGgAZQAgAHQAaABlAG8AcgB5ACAAbwBmACAAUwBjAGEAbABhAHIAIABJAG0AcABsAGkAYwBhAHQAdQByAGUAcwAuAHAAZABmAA8AGgAMAE0AYQBjAGkAbgB0AG8AcwBoACAASABEABIAZ1VzZXJzL21pY2hhL0Rlc2t0b3AvZGF0YS9zeW5jL0xpdGVyYXR1cmUvRm94XzIwMDZfRnJlZSBDaG9pY2UgYW5kIHRoZSB0aGVvcnkgb2YgU2NhbGFyIEltcGxpY2F0dXJlcy5wZGYAABMAAS8AABUAAgAM//8AAIAF0hwdHh9YJGNsYXNzZXNaJGNsYXNzbmFtZaMfICFdTlNNdXRhYmxlRGF0YVZOU0RhdGFYTlNPYmplY3RfEGcuLi8uLi8uLi8uLi9EZXNrdG9wL2RhdGEvc3luYy9MaXRlcmF0dXJlL0ZveF8yMDA2X0ZyZWUgQ2hvaWNlIGFuZCB0aGUgdGhlb3J5IG9mIFNjYWxhciBJbXBsaWNhdHVyZXMucGRm0hwdJCWiJSFcTlNEaWN0aW9uYXJ5EgABhqBfEA9OU0tleWVkQXJjaGl2ZXIACAARABYAHwAoADIANQA6ADwARQBLAFIAXQBlAGwAbwBxAHMAdgB4AHoAfACGAJMAmACgAvgC+gL/AwgDEwMXAyUDLAM1A58DpAOnA7QDuQAAAAAAAAIBAAAAAAAAACgAAAAAAAAAAAAAAAAAAAPL}}

@unpublished{SchwarzClifton2008:Strengthening-o,
	Author = {Florian Schwarz and Charles Clifton and Lyn Frazier},
	Date-Added = {2011-03-11 16:08:05 +0100},
	Date-Modified = {2011-03-11 16:10:34 +0100},
	Note = {Unpublished manuscript; retrived from semanticsarchive March 11 2011},
	Title = {Strengthening `or': {E}ffects of Focus and Downward Entailing Contexts on Scalar Implicatures},
	Url = {http://semanticsarchive.net/Archive/jcwZTc3Z/StrengtheningOr.pdf},
	Year = {2008},
	Bdsk-File-1 = {YnBsaXN0MDDUAQIDBAUIJidUJHRvcFgkb2JqZWN0c1gkdmVyc2lvblkkYXJjaGl2ZXLRBgdUcm9vdIABqAkKFRYXGyIjVSRudWxs0wsMDQ4RFFpOUy5vYmplY3RzV05TLmtleXNWJGNsYXNzog8QgASABqISE4ACgAOAB1lhbGlhc0RhdGFccmVsYXRpdmVQYXRo0hgNGRpXTlMuZGF0YU8RAqoAAAAAAqoAAgAADE1hY2ludG9zaCBIRAAAAAAAAAAAAAAAAAAAAMarmBZIKwAAAAzdWh9TY2h3YXJ6Q2xpZnRvbl8yMDA4XyM0MEMzMzUucGRmAAAAAAAAAAAAAAAAAAAAAAAAAAAAAAAAAAAAAAAAAAAAQMM1yaAfZwAAAAAAAAAAAAQABQAACSAAAAAAAAAAAAAAAAAAAAAKTGl0ZXJhdHVyZQAQAAgAAMare/YAAAARAAgAAMmgEVcAAAABABgADN1aAAyfUAAMgOgAB/mwAAf5pQAAkOcAAgBbTWFjaW50b3NoIEhEOlVzZXJzOgBtaWNoYToARGVza3RvcDoAZGF0YToAc3luYzoATGl0ZXJhdHVyZToAU2Nod2FyekNsaWZ0b25fMjAwOF8jNDBDMzM1LnBkZgAADgC4AFsAUwBjAGgAdwBhAHIAegBDAGwAaQBmAHQAbwBuAF8AMgAwADAAOABfAFMAdAByAGUAbgBnAHQAaABlAG4AaQBuAGcAIABgAG8AcgAnACAARQBmAGYAZQBjAHQAcwAgAG8AZgAgAEYAbwBjAHUAcwAgAGEAbgBkACAARABvAHcAbgB3AGEAcgBkACAARQBuAHQAYQBpAGwAaQBuAGcAIABDAG8AbgB0AGUAeAB0AHMALgBwAGQAZgAPABoADABNAGEAYwBpAG4AdABvAHMAaAAgAEgARAASAIRVc2Vycy9taWNoYS9EZXNrdG9wL2RhdGEvc3luYy9MaXRlcmF0dXJlL1NjaHdhcnpDbGlmdG9uXzIwMDhfU3RyZW5ndGhlbmluZyBgb3InIEVmZmVjdHMgb2YgRm9jdXMgYW5kIERvd253YXJkIEVudGFpbGluZyBDb250ZXh0cy5wZGYAEwABLwAAFQACAAz//wAAgAXSHB0eH1gkY2xhc3Nlc1okY2xhc3NuYW1lox8gIV1OU011dGFibGVEYXRhVk5TRGF0YVhOU09iamVjdF8QhC4uLy4uLy4uLy4uL0Rlc2t0b3AvZGF0YS9zeW5jL0xpdGVyYXR1cmUvU2Nod2FyekNsaWZ0b25fMjAwOF9TdHJlbmd0aGVuaW5nIGBvcicgRWZmZWN0cyBvZiBGb2N1cyBhbmQgRG93bndhcmQgRW50YWlsaW5nIENvbnRleHRzLnBkZtIcHSQloiUhXE5TRGljdGlvbmFyeRIAAYagXxAPTlNLZXllZEFyY2hpdmVyAAgAEQAWAB8AKAAyADUAOgA8AEUASwBSAF0AZQBsAG8AcQBzAHYAeAB6AHwAhgCTAJgAoANOA1ADVQNeA2kDbQN7A4IDiwQSBBcEGgQnBCwAAAAAAAACAQAAAAAAAAAoAAAAAAAAAAAAAAAAAAAEPg==}}

@article{Magri2011:Another-Argumen,
	Author = {Giorgio Magri},
	Date-Added = {2012-05-23 09:06:52 +0000},
	Date-Modified = {2012-05-23 09:08:47 +0000},
	Doi = {10.3765/sp.4.6},
	Journal = {Semantics \& Pragmatics},
	Number = {6},
	Pages = {1--31},
	Title = {Another Argument for Embedded Scalar Implicatures based on Oddness in Downward Entailing Environments},
	Volume = {4},
	Year = {2011},
	Bdsk-File-1 = {YnBsaXN0MDDUAQIDBAUIJidUJHRvcFgkb2JqZWN0c1gkdmVyc2lvblkkYXJjaGl2ZXLRBgdUcm9vdIABqAkKFRYXGyIjVSRudWxs0wsMDQ4RFFpOUy5vYmplY3RzV05TLmtleXNWJGNsYXNzog8QgASABqISE4ACgAOAB1lhbGlhc0RhdGFccmVsYXRpdmVQYXRo0hgNGRpXTlMuZGF0YU8RAowAAAAAAowAAgAADE1hY2ludG9zaCBIRAAAAAAAAAAAAAAAAAAAAMarmBZIKwAAAAzdWh9NYWdyaV8yMDExX0Fub3RoZXIgQSM4RUVCMzMucGRmAAAAAAAAAAAAAAAAAAAAAAAAAAAAAAAAAAAAAAAAAAAAjuszy+J1SAAAAAAAAAAAAAQABQAACSAAAAAAAAAAAAAAAAAAAAAKTGl0ZXJhdHVyZQAQAAgAAMare/YAAAARAAgAAMviWSgAAAABABgADN1aAAyfUAAMgOgAB/mwAAf5pQAAkOcAAgBbTWFjaW50b3NoIEhEOlVzZXJzOgBtaWNoYToARGVza3RvcDoAZGF0YToAc3luYzoATGl0ZXJhdHVyZToATWFncmlfMjAxMV9Bbm90aGVyIEEjOEVFQjMzLnBkZgAADgCkAFEATQBhAGcAcgBpAF8AMgAwADEAMQBfAEEAbgBvAHQAaABlAHIAIABBAHIAZwB1AG0AZQBuAHQAIABmAG8AcgAgAEUAbQBiAGUAZABkAGUAZAAgAFMAYwBhAGwAYQByACAASQBtAHAAbABpAGMAYQB0AHUAcgBlAHMAIABiAGEAcwBlAGQAIABvAG4AIABPAGQAZABuAGUAcwBzAC4AcABkAGYADwAaAAwATQBhAGMAaQBuAHQAbwBzAGgAIABIAEQAEgB6VXNlcnMvbWljaGEvRGVza3RvcC9kYXRhL3N5bmMvTGl0ZXJhdHVyZS9NYWdyaV8yMDExX0Fub3RoZXIgQXJndW1lbnQgZm9yIEVtYmVkZGVkIFNjYWxhciBJbXBsaWNhdHVyZXMgYmFzZWQgb24gT2RkbmVzcy5wZGYAEwABLwAAFQACAAz//wAAgAXSHB0eH1gkY2xhc3Nlc1okY2xhc3NuYW1lox8gIV1OU011dGFibGVEYXRhVk5TRGF0YVhOU09iamVjdF8Qei4uLy4uLy4uLy4uL0Rlc2t0b3AvZGF0YS9zeW5jL0xpdGVyYXR1cmUvTWFncmlfMjAxMV9Bbm90aGVyIEFyZ3VtZW50IGZvciBFbWJlZGRlZCBTY2FsYXIgSW1wbGljYXR1cmVzIGJhc2VkIG9uIE9kZG5lc3MucGRm0hwdJCWiJSFcTlNEaWN0aW9uYXJ5EgABhqBfEA9OU0tleWVkQXJjaGl2ZXIACAARABYAHwAoADIANQA6ADwARQBLAFIAXQBlAGwAbwBxAHMAdgB4AHoAfACGAJMAmACgAzADMgM3A0ADSwNPA10DZANtA+oD7wPyA/8EBAAAAAAAAAIBAAAAAAAAACgAAAAAAAAAAAAAAAAAAAQW}}

@book{Chierchia2012:FC-Nominals-and,
	Author = {Gennaro Chierchia},
	Date-Added = {2012-05-18 11:44:41 +0000},
	Date-Modified = {2012-05-18 11:47:03 +0000},
	Editor = {Anamaria F\u{a}l\u{a}u\c{s}},
	Publisher = {Palgrave Macmillan},
	Title = {FC Nominals and FC Disjunction: {T}he Identity Thesis},
	Year = {forthcoming},
	Bdsk-File-1 = {YnBsaXN0MDDUAQIDBAUIJidUJHRvcFgkb2JqZWN0c1gkdmVyc2lvblkkYXJjaGl2ZXLRBgdUcm9vdIABqAkKFRYXGyIjVSRudWxs0wsMDQ4RFFpOUy5vYmplY3RzV05TLmtleXNWJGNsYXNzog8QgASABqISE4ACgAOAB1lhbGlhc0RhdGFccmVsYXRpdmVQYXRo0hgNGRpXTlMuZGF0YU8RAmgAAAAAAmgAAgAADE1hY2ludG9zaCBIRAAAAAAAAAAAAAAAAAAAAMarmBZIKwAAAAzdWh9DaGllcmNoaWFfMjAxMl9GQyBObyM4RDcxMUYucGRmAAAAAAAAAAAAAAAAAAAAAAAAAAAAAAAAAAAAAAAAAAAAjXEfy9wCwVBERiAAAAAAAAQABQAACSAAAAAAAAAAAAAAAAAAAAAKTGl0ZXJhdHVyZQAQAAgAAMare/YAAAARAAgAAMvb5qEAAAABABgADN1aAAyfUAAMgOgAB/mwAAf5pQAAkOcAAgBbTWFjaW50b3NoIEhEOlVzZXJzOgBtaWNoYToARGVza3RvcDoAZGF0YToAc3luYzoATGl0ZXJhdHVyZToAQ2hpZXJjaGlhXzIwMTJfRkMgTm8jOEQ3MTFGLnBkZgAADgCMAEUAQwBoAGkAZQByAGMAaABpAGEAXwAyADAAMQAyAF8ARgBDACAATgBvAG0AaQBuAGEAbABzACAAYQBuAGQAIABGAEMAIABEAGkAcwBqAHUAbgBjAHQAaQBvAG4AIABUAGgAZQAgAEkAZABlAG4AdABpAHQAeQAgAFQAaABlAHMAaQBzAC4AcABkAGYADwAaAAwATQBhAGMAaQBuAHQAbwBzAGgAIABIAEQAEgBuVXNlcnMvbWljaGEvRGVza3RvcC9kYXRhL3N5bmMvTGl0ZXJhdHVyZS9DaGllcmNoaWFfMjAxMl9GQyBOb21pbmFscyBhbmQgRkMgRGlzanVuY3Rpb24gVGhlIElkZW50aXR5IFRoZXNpcy5wZGYAEwABLwAAFQACAAz//wAAgAXSHB0eH1gkY2xhc3Nlc1okY2xhc3NuYW1lox8gIV1OU011dGFibGVEYXRhVk5TRGF0YVhOU09iamVjdF8Qbi4uLy4uLy4uLy4uL0Rlc2t0b3AvZGF0YS9zeW5jL0xpdGVyYXR1cmUvQ2hpZXJjaGlhXzIwMTJfRkMgTm9taW5hbHMgYW5kIEZDIERpc2p1bmN0aW9uIFRoZSBJZGVudGl0eSBUaGVzaXMucGRm0hwdJCWiJSFcTlNEaWN0aW9uYXJ5EgABhqBfEA9OU0tleWVkQXJjaGl2ZXIACAARABYAHwAoADIANQA6ADwARQBLAFIAXQBlAGwAbwBxAHMAdgB4AHoAfACGAJMAmACgAwwDDgMTAxwDJwMrAzkDQANJA7oDvwPCA88D1AAAAAAAAAIBAAAAAAAAACgAAAAAAAAAAAAAAAAAAAPm}}

@phdthesis{Horn1972:On-the-Semantic,
	Author = {Laurence R. Horn},
	Date-Added = {2008-09-08 13:53:20 +0200},
	Date-Modified = {2008-09-08 13:55:05 +0200},
	School = {UCLA},
	Title = {On the Semantic Properties of Logical Operators in English},
	Year = {1972}}

@misc{Tielvan-Tiel2012:Embedded-Scalar,
	Author = {{\SortNoop{Tiel}}{van Tiel}, Bob},
	Date-Added = {2012-03-26 13:46:45 +0200},
	Date-Modified = {2012-03-26 13:48:32 +0200},
	Howpublished = {Talk held at XPrag 2011, Barcelona},
	Keywords = {embedded implicatures, scalar implicatures, prototypicality},
	Title = {Embedded Scalars and Typicality},
	Url = {http://parles.upf.edu/llocs/glif/pub/XPRAG2011/Slideshows/vanTiel.pdf},
	Year = {2012},
	Bdsk-File-1 = {YnBsaXN0MDDUAQIDBAUIJidUJHRvcFgkb2JqZWN0c1gkdmVyc2lvblkkYXJjaGl2ZXLRBgdUcm9vdIABqAkKFRYXGyIjVSRudWxs0wsMDQ4RFFpOUy5vYmplY3RzV05TLmtleXNWJGNsYXNzog8QgASABqISE4ACgAOAB1lhbGlhc0RhdGFccmVsYXRpdmVQYXRo0hgNGRpXTlMuZGF0YU8RAjgAAAAAAjgAAgAADE1hY2ludG9zaCBIRAAAAAAAAAAAAAAAAAAAAMarmBZIKwAAAAzdWh9UaWVsdmFuIFRpZWxfMjAxMl9FbSM3RDBBOEQucGRmAAAAAAAAAAAAAAAAAAAAAAAAAAAAAAAAAAAAAAAAAAAAfQqNy5YjiAAAAAAAAAAAAAQABQAACSAAAAAAAAAAAAAAAAAAAAAKTGl0ZXJhdHVyZQAQAAgAAMare/YAAAARAAgAAMuWB2gAAAABABgADN1aAAyfUAAMgOgAB/mwAAf5pQAAkOcAAgBbTWFjaW50b3NoIEhEOlVzZXJzOgBtaWNoYToARGVza3RvcDoAZGF0YToAc3luYzoATGl0ZXJhdHVyZToAVGllbHZhbiBUaWVsXzIwMTJfRW0jN0QwQThELnBkZgAADgBsADUAVABpAGUAbAB2AGEAbgAgAFQAaQBlAGwAXwAyADAAMQAyAF8ARQBtAGIAZQBkAGQAZQBkACAAUwBjAGEAbABhAHIAcwAgAGEAbgBkACAAVAB5AHAAaQBjAGEAbABpAHQAeQAuAHAAZABmAA8AGgAMAE0AYQBjAGkAbgB0AG8AcwBoACAASABEABIAXlVzZXJzL21pY2hhL0Rlc2t0b3AvZGF0YS9zeW5jL0xpdGVyYXR1cmUvVGllbHZhbiBUaWVsXzIwMTJfRW1iZWRkZWQgU2NhbGFycyBhbmQgVHlwaWNhbGl0eS5wZGYAEwABLwAAFQACAAz//wAAgAXSHB0eH1gkY2xhc3Nlc1okY2xhc3NuYW1lox8gIV1OU011dGFibGVEYXRhVk5TRGF0YVhOU09iamVjdF8QXi4uLy4uLy4uLy4uL0Rlc2t0b3AvZGF0YS9zeW5jL0xpdGVyYXR1cmUvVGllbHZhbiBUaWVsXzIwMTJfRW1iZWRkZWQgU2NhbGFycyBhbmQgVHlwaWNhbGl0eS5wZGbSHB0kJaIlIVxOU0RpY3Rpb25hcnkSAAGGoF8QD05TS2V5ZWRBcmNoaXZlcgAIABEAFgAfACgAMgA1ADoAPABFAEsAUgBdAGUAbABvAHEAcwB2AHgAegB8AIYAkwCYAKAC3ALeAuMC7AL3AvsDCQMQAxkDegN/A4IDjwOUAAAAAAAAAgEAAAAAAAAAKAAAAAAAAAAAAAAAAAAAA6Y=},
	Bdsk-File-2 = {YnBsaXN0MDDUAQIDBAUIJidUJHRvcFgkb2JqZWN0c1gkdmVyc2lvblkkYXJjaGl2ZXLRBgdUcm9vdIABqAkKFRYXGyIjVSRudWxs0wsMDQ4RFFpOUy5vYmplY3RzV05TLmtleXNWJGNsYXNzog8QgASABqISE4ACgAOAB1lhbGlhc0RhdGFccmVsYXRpdmVQYXRo0hgNGRpXTlMuZGF0YU8RAjwAAAAAAjwAAgAADE1hY2ludG9zaCBIRAAAAAAAAAAAAAAAAAAAAMarmBZIKwAAAAzdWh9UaWVsdmFuIFRpZWxfMjAxMl9FbSM3RDBBQjgucGRmAAAAAAAAAAAAAAAAAAAAAAAAAAAAAAAAAAAAAAAAAAAAfQq4y5YjugAAAAAAAAAAAAQABQAACSAAAAAAAAAAAAAAAAAAAAAKTGl0ZXJhdHVyZQAQAAgAAMare/YAAAARAAgAAMuWB5oAAAABABgADN1aAAyfUAAMgOgAB/mwAAf5pQAAkOcAAgBbTWFjaW50b3NoIEhEOlVzZXJzOgBtaWNoYToARGVza3RvcDoAZGF0YToAc3luYzoATGl0ZXJhdHVyZToAVGllbHZhbiBUaWVsXzIwMTJfRW0jN0QwQUI4LnBkZgAADgBuADYAVABpAGUAbAB2AGEAbgAgAFQAaQBlAGwAXwAyADAAMQAyAF8ARQBtAGIAZQBkAGQAZQBkACAAUwBjAGEAbABhAHIAcwAgAGEAbgBkACAAVAB5AHAAaQBjAGEAbABpAHQAeQBhAC4AcABkAGYADwAaAAwATQBhAGMAaQBuAHQAbwBzAGgAIABIAEQAEgBfVXNlcnMvbWljaGEvRGVza3RvcC9kYXRhL3N5bmMvTGl0ZXJhdHVyZS9UaWVsdmFuIFRpZWxfMjAxMl9FbWJlZGRlZCBTY2FsYXJzIGFuZCBUeXBpY2FsaXR5YS5wZGYAABMAAS8AABUAAgAM//8AAIAF0hwdHh9YJGNsYXNzZXNaJGNsYXNzbmFtZaMfICFdTlNNdXRhYmxlRGF0YVZOU0RhdGFYTlNPYmplY3RfEF8uLi8uLi8uLi8uLi9EZXNrdG9wL2RhdGEvc3luYy9MaXRlcmF0dXJlL1RpZWx2YW4gVGllbF8yMDEyX0VtYmVkZGVkIFNjYWxhcnMgYW5kIFR5cGljYWxpdHlhLnBkZtIcHSQloiUhXE5TRGljdGlvbmFyeRIAAYagXxAPTlNLZXllZEFyY2hpdmVyAAgAEQAWAB8AKAAyADUAOgA8AEUASwBSAF0AZQBsAG8AcQBzAHYAeAB6AHwAhgCTAJgAoALgAuIC5wLwAvsC/wMNAxQDHQN/A4QDhwOUA5kAAAAAAAACAQAAAAAAAAAoAAAAAAAAAAAAAAAAAAADqw==},
	Bdsk-File-3 = {YnBsaXN0MDDUAQIDBAUIJidUJHRvcFgkb2JqZWN0c1gkdmVyc2lvblkkYXJjaGl2ZXLRBgdUcm9vdIABqAkKFRYXGyIjVSRudWxs0wsMDQ4RFFpOUy5vYmplY3RzV05TLmtleXNWJGNsYXNzog8QgASABqISE4ACgAOAB1lhbGlhc0RhdGFccmVsYXRpdmVQYXRo0hgNGRpXTlMuZGF0YU8RAjwAAAAAAjwAAgAADE1hY2ludG9zaCBIRAAAAAAAAAAAAAAAAAAAAMarmBZIKwAAAAzdWh9UaWVsdmFuIFRpZWxfMjAxMl9FIzExNTc5MTUucGRmAAAAAAAAAAAAAAAAAAAAAAAAAAAAAAAAAAAAAAAAAAABFXkVzAOVoQAAAAAAAAAAAAQABQAACSAAAAAAAAAAAAAAAAAAAAAKTGl0ZXJhdHVyZQAQAAgAAMare/YAAAARAAgAAMwDeYEAAAABABgADN1aAAyfUAAMgOgAB/mwAAf5pQAAkOcAAgBbTWFjaW50b3NoIEhEOlVzZXJzOgBtaWNoYToARGVza3RvcDoAZGF0YToAc3luYzoATGl0ZXJhdHVyZToAVGllbHZhbiBUaWVsXzIwMTJfRSMxMTU3OTE1LnBkZgAADgBuADYAVABpAGUAbAB2AGEAbgAgAFQAaQBlAGwAXwAyADAAMQAyAF8ARQBtAGIAZQBkAGQAZQBkACAAUwBjAGEAbABhAHIAcwAgAGEAbgBkACAAVAB5AHAAaQBjAGEAbABpAHQAeQBiAC4AcABkAGYADwAaAAwATQBhAGMAaQBuAHQAbwBzAGgAIABIAEQAEgBfVXNlcnMvbWljaGEvRGVza3RvcC9kYXRhL3N5bmMvTGl0ZXJhdHVyZS9UaWVsdmFuIFRpZWxfMjAxMl9FbWJlZGRlZCBTY2FsYXJzIGFuZCBUeXBpY2FsaXR5Yi5wZGYAABMAAS8AABUAAgAM//8AAIAF0hwdHh9YJGNsYXNzZXNaJGNsYXNzbmFtZaMfICFdTlNNdXRhYmxlRGF0YVZOU0RhdGFYTlNPYmplY3RfEF8uLi8uLi8uLi8uLi9EZXNrdG9wL2RhdGEvc3luYy9MaXRlcmF0dXJlL1RpZWx2YW4gVGllbF8yMDEyX0VtYmVkZGVkIFNjYWxhcnMgYW5kIFR5cGljYWxpdHliLnBkZtIcHSQloiUhXE5TRGljdGlvbmFyeRIAAYagXxAPTlNLZXllZEFyY2hpdmVyAAgAEQAWAB8AKAAyADUAOgA8AEUASwBSAF0AZQBsAG8AcQBzAHYAeAB6AHwAhgCTAJgAoALgAuIC5wLwAvsC/wMNAxQDHQN/A4QDhwOUA5kAAAAAAAACAQAAAAAAAAAoAAAAAAAAAAAAAAAAAAADqw==}}

@incollection{ChierchiaFox2008:The-Grammatical,
	Author = {Gennaro Chierchia and Danny Fox and Benjamin Spector},
	Booktitle = {Semantics. {A}n International Handbook of Natural Language Meaning},
	Date-Added = {2008-09-04 17:01:23 +0200},
	Date-Modified = {2012-05-20 09:31:35 +0000},
	Editor = {Claudia Maienborn and {\SortNoop{Heusinger}}von Heusinger, Klaus and Paul Portner},
	Local-Url = {file://localhost/Users/micha/Desktop/data/sync/Literature/ChierchiaFox_2008_The%20Grammatical%20View%20of%20Scalar%20Implicatures%20and%20the%20Relationship%20between%20Semantics%20and%20Pragmatics.pdf},
	Publisher = {de Gruyter},
	Title = {The Grammatical View of Scalar Implicatures and the Relationship between Semantics and Pragmatics},
	Year = {forthcoming},
	Bdsk-File-1 = {YnBsaXN0MDDUAQIDBAUIJidUJHRvcFgkb2JqZWN0c1gkdmVyc2lvblkkYXJjaGl2ZXLRBgdUcm9vdIABqAkKFRYXGyIjVSRudWxs0wsMDQ4RFFpOUy5vYmplY3RzV05TLmtleXNWJGNsYXNzog8QgASABqISE4ACgAOAB1lhbGlhc0RhdGFccmVsYXRpdmVQYXRo0hgNGRpXTlMuZGF0YU8RAv4AAAAAAv4AAgAADE1hY2ludG9zaCBIRAAAAAAAAAAAAAAAAAAAAMarmBZIKwAAAAzdWh9DaGllcmNoaWFGb3hfMjAwOF9UaGUjQ0REOTEucGRmAAAAAAAAAAAAAAAAAAAAAAAAAAAAAAAAAAAAAAAAAAAADN2RxOX3uQAAAAAAAAAAAAQABQAACSAAAAAAAAAAAAAAAAAAAAAKTGl0ZXJhdHVyZQAQAAgAAMare/YAAAARAAgAAMTl25kAAAABABgADN1aAAyfUAAMgOgAB/mwAAf5pQAAkOcAAgBbTWFjaW50b3NoIEhEOlVzZXJzOgBtaWNoYToARGVza3RvcDoAZGF0YToAc3luYzoATGl0ZXJhdHVyZToAQ2hpZXJjaGlhRm94XzIwMDhfVGhlI0NERDkxLnBkZgAADgDwAHcAQwBoAGkAZQByAGMAaABpAGEARgBvAHgAXwAyADAAMAA4AF8AVABoAGUAIABHAHIAYQBtAG0AYQB0AGkAYwBhAGwAIABWAGkAZQB3ACAAbwBmACAAUwBjAGEAbABhAHIAIABJAG0AcABsAGkAYwBhAHQAdQByAGUAcwAgAGEAbgBkACAAdABoAGUAIABSAGUAbABhAHQAaQBvAG4AcwBoAGkAcAAgAGIAZQB0AHcAZQBlAG4AIABTAGUAbQBhAG4AdABpAGMAcwAgAGEAbgBkACAAUAByAGEAZwBtAGEAdABpAGMAcwAuAHAAZABmAA8AGgAMAE0AYQBjAGkAbgB0AG8AcwBoACAASABEABIAoFVzZXJzL21pY2hhL0Rlc2t0b3AvZGF0YS9zeW5jL0xpdGVyYXR1cmUvQ2hpZXJjaGlhRm94XzIwMDhfVGhlIEdyYW1tYXRpY2FsIFZpZXcgb2YgU2NhbGFyIEltcGxpY2F0dXJlcyBhbmQgdGhlIFJlbGF0aW9uc2hpcCBiZXR3ZWVuIFNlbWFudGljcyBhbmQgUHJhZ21hdGljcy5wZGYAEwABLwAAFQACAAz//wAAgAXSHB0eH1gkY2xhc3Nlc1okY2xhc3NuYW1lox8gIV1OU011dGFibGVEYXRhVk5TRGF0YVhOU09iamVjdF8QoC4uLy4uLy4uLy4uL0Rlc2t0b3AvZGF0YS9zeW5jL0xpdGVyYXR1cmUvQ2hpZXJjaGlhRm94XzIwMDhfVGhlIEdyYW1tYXRpY2FsIFZpZXcgb2YgU2NhbGFyIEltcGxpY2F0dXJlcyBhbmQgdGhlIFJlbGF0aW9uc2hpcCBiZXR3ZWVuIFNlbWFudGljcyBhbmQgUHJhZ21hdGljcy5wZGbSHB0kJaIlIVxOU0RpY3Rpb25hcnkSAAGGoF8QD05TS2V5ZWRBcmNoaXZlcgAIABEAFgAfACgAMgA1ADoAPABFAEsAUgBdAGUAbABvAHEAcwB2AHgAegB8AIYAkwCYAKADogOkA6kDsgO9A8EDzwPWA98EggSHBIoElwScAAAAAAAAAgEAAAAAAAAAKAAAAAAAAAAAAAAAAAAABK4=}}

@article{Ippolito2010:Embedded-Implic,
	Author = {Michela Ippolito},
	Date-Added = {2012-05-23 14:57:47 +0000},
	Date-Modified = {2012-05-23 14:59:40 +0000},
	Doi = {10.3765/sp.3.5},
	Journal = {Semantics \& Pragmatics},
	Number = {5},
	Pages = {1--15},
	Title = {Embedded Implicatures? Remarks on the debate between globalist and localist theories},
	Volume = {3},
	Year = {2010},
	Bdsk-File-1 = {YnBsaXN0MDDUAQIDBAUIJidUJHRvcFgkb2JqZWN0c1gkdmVyc2lvblkkYXJjaGl2ZXLRBgdUcm9vdIABqAkKFRYXGyIjVSRudWxs0wsMDQ4RFFpOUy5vYmplY3RzV05TLmtleXNWJGNsYXNzog8QgASABqISE4ACgAOAB1lhbGlhc0RhdGFccmVsYXRpdmVQYXRo0hgNGRpXTlMuZGF0YU8RArAAAAAAArAAAgAADE1hY2ludG9zaCBIRAAAAAAAAAAAAAAAAAAAAMarmBZIKwAAAAzdWh9JcHBvbGl0b18yMDEwX0VtYmVkZCM4RjBFQ0YucGRmAAAAAAAAAAAAAAAAAAAAAAAAAAAAAAAAAAAAAAAAAAAAjw7Py+LH8AAAAAAAAAAAAAQABQAACSAAAAAAAAAAAAAAAAAAAAAKTGl0ZXJhdHVyZQAQAAgAAMare/YAAAARAAgAAMviq9AAAAABABgADN1aAAyfUAAMgOgAB/mwAAf5pQAAkOcAAgBbTWFjaW50b3NoIEhEOlVzZXJzOgBtaWNoYToARGVza3RvcDoAZGF0YToAc3luYzoATGl0ZXJhdHVyZToASXBwb2xpdG9fMjAxMF9FbWJlZGQjOEYwRUNGLnBkZgAADgC8AF0ASQBwAHAAbwBsAGkAdABvAF8AMgAwADEAMABfAEUAbQBiAGUAZABkAGUAZAAgAEkAbQBwAGwAaQBjAGEAdAB1AHIAZQBzAD8AIABSAGUAbQBhAHIAawBzACAAbwBuACAAdABoAGUAIABkAGUAYgBhAHQAZQAgAGIAZQB0AHcAZQBlAG4AIABnAGwAbwBiAGEAbABpAHMAdAAgAGEAbgBkACAAbABvAGMAYQBsAGkAcwB0AC4AcABkAGYADwAaAAwATQBhAGMAaQBuAHQAbwBzAGgAIABIAEQAEgCGVXNlcnMvbWljaGEvRGVza3RvcC9kYXRhL3N5bmMvTGl0ZXJhdHVyZS9JcHBvbGl0b18yMDEwX0VtYmVkZGVkIEltcGxpY2F0dXJlcz8gUmVtYXJrcyBvbiB0aGUgZGViYXRlIGJldHdlZW4gZ2xvYmFsaXN0IGFuZCBsb2NhbGlzdC5wZGYAEwABLwAAFQACAAz//wAAgAXSHB0eH1gkY2xhc3Nlc1okY2xhc3NuYW1lox8gIV1OU011dGFibGVEYXRhVk5TRGF0YVhOU09iamVjdF8Qhi4uLy4uLy4uLy4uL0Rlc2t0b3AvZGF0YS9zeW5jL0xpdGVyYXR1cmUvSXBwb2xpdG9fMjAxMF9FbWJlZGRlZCBJbXBsaWNhdHVyZXM/IFJlbWFya3Mgb24gdGhlIGRlYmF0ZSBiZXR3ZWVuIGdsb2JhbGlzdCBhbmQgbG9jYWxpc3QucGRm0hwdJCWiJSFcTlNEaWN0aW9uYXJ5EgABhqBfEA9OU0tleWVkQXJjaGl2ZXIACAARABYAHwAoADIANQA6ADwARQBLAFIAXQBlAGwAbwBxAHMAdgB4AHoAfACGAJMAmACgA1QDVgNbA2QDbwNzA4EDiAORBBoEHwQiBC8ENAAAAAAAAAIBAAAAAAAAACgAAAAAAAAAAAAAAAAAAARG}}

@article{GeurtsPouscoulous2009:Embedded-Implic,
	Author = {Bart Geurts and Nausicaa Pouscoulous},
	Date-Added = {2010-10-18 10:01:39 +0200},
	Date-Modified = {2011-01-24 22:54:29 +0100},
	Doi = {doi:10.3765/sp.2.4},
	Journal = {Semantics \& Pragmatics},
	Number = {4},
	Pages = {1--34},
	Title = {Embedded Implicatures?!?},
	Volume = {2},
	Year = {2009},
	Bdsk-File-1 = {YnBsaXN0MDDUAQIDBAUIJidUJHRvcFgkb2JqZWN0c1gkdmVyc2lvblkkYXJjaGl2ZXLRBgdUcm9vdIABqAkKFRYXGyIjVSRudWxs0wsMDQ4RFFpOUy5vYmplY3RzV05TLmtleXNWJGNsYXNzog8QgASABqISE4ACgAOAB1lhbGlhc0RhdGFccmVsYXRpdmVQYXRo0hgNGRpXTlMuZGF0YU8RAjIAAAAAAjIAAgAADE1hY2ludG9zaCBIRAAAAAAAAAAAAAAAAAAAAMarmBZIKwAAAAzdWh9HZXVydHNQb3VzY291bG91c18yMCMyQkQ5NUIucGRmAAAAAAAAAAAAAAAAAAAAAAAAAAAAAAAAAAAAAAAAAAAAK9lbyOKKCwAAAAAAAAAAAAQABQAACSAAAAAAAAAAAAAAAAAAAAAKTGl0ZXJhdHVyZQAQAAgAAMare/YAAAARAAgAAMjibesAAAABABgADN1aAAyfUAAMgOgAB/mwAAf5pQAAkOcAAgBbTWFjaW50b3NoIEhEOlVzZXJzOgBtaWNoYToARGVza3RvcDoAZGF0YToAc3luYzoATGl0ZXJhdHVyZToAR2V1cnRzUG91c2NvdWxvdXNfMjAjMkJEOTVCLnBkZgAADgBoADMARwBlAHUAcgB0AHMAUABvAHUAcwBjAG8AdQBsAG8AdQBzAF8AMgAwADAAOQBfAEUAbQBiAGUAZABkAGUAZAAgAEkAbQBwAGwAaQBjAGEAdAB1AHIAZQBzAD8AIQA/AC4AcABkAGYADwAaAAwATQBhAGMAaQBuAHQAbwBzAGgAIABIAEQAEgBcVXNlcnMvbWljaGEvRGVza3RvcC9kYXRhL3N5bmMvTGl0ZXJhdHVyZS9HZXVydHNQb3VzY291bG91c18yMDA5X0VtYmVkZGVkIEltcGxpY2F0dXJlcz8hPy5wZGYAEwABLwAAFQACAAz//wAAgAXSHB0eH1gkY2xhc3Nlc1okY2xhc3NuYW1lox8gIV1OU011dGFibGVEYXRhVk5TRGF0YVhOU09iamVjdF8QXC4uLy4uLy4uLy4uL0Rlc2t0b3AvZGF0YS9zeW5jL0xpdGVyYXR1cmUvR2V1cnRzUG91c2NvdWxvdXNfMjAwOV9FbWJlZGRlZCBJbXBsaWNhdHVyZXM/IT8ucGRm0hwdJCWiJSFcTlNEaWN0aW9uYXJ5EgABhqBfEA9OU0tleWVkQXJjaGl2ZXIACAARABYAHwAoADIANQA6ADwARQBLAFIAXQBlAGwAbwBxAHMAdgB4AHoAfACGAJMAmACgAtYC2ALdAuYC8QL1AwMDCgMTA3IDdwN6A4cDjAAAAAAAAAIBAAAAAAAAACgAAAAAAAAAAAAAAAAAAAOe}}

@article{Sauerland2012:The-Computation,
	Author = {Uli Sauerland},
	Date-Added = {2012-05-15 09:49:28 +0000},
	Date-Modified = {2012-05-20 09:13:39 +0000},
	Doi = {10.1002/lnc3.321},
	Journal = {Language and Linguistics Compass},
	Number = {1},
	Pages = {36--49},
	Title = {The Computation of Scalar Implicatures: {P}ragmatic, Lexical or Grammatical},
	Volume = {6},
	Year = {2012},
	Bdsk-File-1 = {YnBsaXN0MDDUAQIDBAUIJidUJHRvcFgkb2JqZWN0c1gkdmVyc2lvblkkYXJjaGl2ZXLRBgdUcm9vdIABqAkKFRYXGyIjVSRudWxs0wsMDQ4RFFpOUy5vYmplY3RzV05TLmtleXNWJGNsYXNzog8QgASABqISE4ACgAOAB1lhbGlhc0RhdGFccmVsYXRpdmVQYXRo0hgNGRpXTlMuZGF0YU8RAqoAAAAAAqoAAgAADE1hY2ludG9zaCBIRAAAAAAAAAAAAAAAAAAAAMarmBZIKwAAAAzdWh9TYXVlcmxhbmRfMjAxMV9UaGUgQyM4Qjk5MkQucGRmAAAAAAAAAAAAAAAAAAAAAAAAAAAAAAAAAAAAAAAAAAAAi5kty9iZkQAAAAAAAAAAAAQABQAACSAAAAAAAAAAAAAAAAAAAAAKTGl0ZXJhdHVyZQAQAAgAAMare/YAAAARAAgAAMvYfXEAAAABABgADN1aAAyfUAAMgOgAB/mwAAf5pQAAkOcAAgBbTWFjaW50b3NoIEhEOlVzZXJzOgBtaWNoYToARGVza3RvcDoAZGF0YToAc3luYzoATGl0ZXJhdHVyZToAU2F1ZXJsYW5kXzIwMTFfVGhlIEMjOEI5OTJELnBkZgAADgC4AFsAUwBhAHUAZQByAGwAYQBuAGQAXwAyADAAMQAxAF8AVABoAGUAIABDAG8AbQBwAHUAdABhAHQAaQBvAG4AIABvAGYAIABTAGMAYQBsAGEAcgAgAEkAbQBwAGwAaQBjAGEAdAB1AHIAZQBzACAAUAByAGEAZwBtAGEAdABpAGMALAAgAEwAZQB4AGkAYwBhAGwAIABvAHIAIABHAHIAYQBtAG0AYQB0AGkAYwBhAGwALgBwAGQAZgAPABoADABNAGEAYwBpAG4AdABvAHMAaAAgAEgARAASAIRVc2Vycy9taWNoYS9EZXNrdG9wL2RhdGEvc3luYy9MaXRlcmF0dXJlL1NhdWVybGFuZF8yMDExX1RoZSBDb21wdXRhdGlvbiBvZiBTY2FsYXIgSW1wbGljYXR1cmVzIFByYWdtYXRpYywgTGV4aWNhbCBvciBHcmFtbWF0aWNhbC5wZGYAEwABLwAAFQACAAz//wAAgAXSHB0eH1gkY2xhc3Nlc1okY2xhc3NuYW1lox8gIV1OU011dGFibGVEYXRhVk5TRGF0YVhOU09iamVjdF8QhC4uLy4uLy4uLy4uL0Rlc2t0b3AvZGF0YS9zeW5jL0xpdGVyYXR1cmUvU2F1ZXJsYW5kXzIwMTFfVGhlIENvbXB1dGF0aW9uIG9mIFNjYWxhciBJbXBsaWNhdHVyZXMgUHJhZ21hdGljLCBMZXhpY2FsIG9yIEdyYW1tYXRpY2FsLnBkZtIcHSQloiUhXE5TRGljdGlvbmFyeRIAAYagXxAPTlNLZXllZEFyY2hpdmVyAAgAEQAWAB8AKAAyADUAOgA8AEUASwBSAF0AZQBsAG8AcQBzAHYAeAB6AHwAhgCTAJgAoANOA1ADVQNeA2kDbQN7A4IDiwQSBBcEGgQnBCwAAAAAAAACAQAAAAAAAAAoAAAAAAAAAAAAAAAAAAAEPg==}}

@incollection{Chierchia:2004_ScalarImplicatures,
	Author = {Gennaro Chierchia},
	Booktitle = {Structures and Beyond},
	Date-Added = {2007-06-18 16:30:17 +0200},
	Date-Modified = {2012-05-20 07:02:49 +0000},
	Editor = {Adriana Belletti},
	Local-Url = {file://localhost/Users/micha/Desktop/data/sync/Literature/Chierchia_2004_Scalar%20Implicatures,%20Polarity%20Phenomena%20and%20the%20Syntax-Pragmatics%20Interface.pdf},
	Pages = {39--103},
	Publisher = {Oxford University Press},
	Title = {Scalar Implicatures, Polarity Phenomena and the Syntax/Pragmatics Interface},
	Year = {2004},
	Bdsk-File-1 = {YnBsaXN0MDDUAQIDBAUIJidUJHRvcFgkb2JqZWN0c1gkdmVyc2lvblkkYXJjaGl2ZXLRBgdUcm9vdIABqAkKFRYXGyIjVSRudWxs0wsMDQ4RFFpOUy5vYmplY3RzV05TLmtleXNWJGNsYXNzog8QgASABqISE4ACgAOAB1lhbGlhc0RhdGFccmVsYXRpdmVQYXRo0hgNGRpXTlMuZGF0YU8RArQAAAAAArQAAgAADE1hY2ludG9zaCBIRAAAAAAAAAAAAAAAAAAAAMarmBZIKwAAAAzdWh9DaGllcmNoaWFfMjAwNF9TY2FsYXIjQ0REOTAucGRmAAAAAAAAAAAAAAAAAAAAAAAAAAAAAAAAAAAAAAAAAAAADN2QAAAAAFBERiBwcnZ3AAQABQAACSAAAAAAAAAAAAAAAAAAAAAKTGl0ZXJhdHVyZQAQAAgAAMare/YAAAARAAgAAAAAAAAAAAABABgADN1aAAyfUAAMgOgAB/mwAAf5pQAAkOcAAgBbTWFjaW50b3NoIEhEOlVzZXJzOgBtaWNoYToARGVza3RvcDoAZGF0YToAc3luYzoATGl0ZXJhdHVyZToAQ2hpZXJjaGlhXzIwMDRfU2NhbGFyI0NERDkwLnBkZgAADgC+AF4AQwBoAGkAZQByAGMAaABpAGEAXwAyADAAMAA0AF8AUwBjAGEAbABhAHIAIABJAG0AcABsAGkAYwBhAHQAdQByAGUAcwAsACAAUABvAGwAYQByAGkAdAB5ACAAUABoAGUAbgBvAG0AZQBuAGEAIABhAG4AZAAgAHQAaABlACAAUwB5AG4AdABhAHgALQBQAHIAYQBnAG0AYQB0AGkAYwBzACAASQBuAHQAZQByAGYAYQBjAGUALgBwAGQAZgAPABoADABNAGEAYwBpAG4AdABvAHMAaAAgAEgARAASAIdVc2Vycy9taWNoYS9EZXNrdG9wL2RhdGEvc3luYy9MaXRlcmF0dXJlL0NoaWVyY2hpYV8yMDA0X1NjYWxhciBJbXBsaWNhdHVyZXMsIFBvbGFyaXR5IFBoZW5vbWVuYSBhbmQgdGhlIFN5bnRheC1QcmFnbWF0aWNzIEludGVyZmFjZS5wZGYAABMAAS8AABUAAgAM//8AAIAF0hwdHh9YJGNsYXNzZXNaJGNsYXNzbmFtZaMfICFdTlNNdXRhYmxlRGF0YVZOU0RhdGFYTlNPYmplY3RfEIcuLi8uLi8uLi8uLi9EZXNrdG9wL2RhdGEvc3luYy9MaXRlcmF0dXJlL0NoaWVyY2hpYV8yMDA0X1NjYWxhciBJbXBsaWNhdHVyZXMsIFBvbGFyaXR5IFBoZW5vbWVuYSBhbmQgdGhlIFN5bnRheC1QcmFnbWF0aWNzIEludGVyZmFjZS5wZGbSHB0kJaIlIVxOU0RpY3Rpb25hcnkSAAGGoF8QD05TS2V5ZWRBcmNoaXZlcgAIABEAFgAfACgAMgA1ADoAPABFAEsAUgBdAGUAbABvAHEAcwB2AHgAegB8AIYAkwCYAKADWANaA18DaANzA3cDhQOMA5UEHwQkBCcENAQ5AAAAAAAAAgEAAAAAAAAAKAAAAAAAAAAAAAAAAAAABEs=}}

@article{Rooijvan-RooijSchulz2013:Exhaustive-Inte,
	Author = {{\SortNoop{Rooij}}van Rooij, Robert and Katrin Schulz},
	Date-Added = {2008-01-22 10:29:24 +0100},
	Date-Modified = {2011-01-24 22:29:06 +0100},
	Doi = {10.1007/s10849-004-2118-6},
	Journal = {Journal of Logic, Language and Information},
	Local-Url = {file://localhost/Users/micha/Desktop/data/sync/Literature/Rooijvan%20RooijSchulz_2004_Exhaustive%20Interpretation%20of%20Complex%20Sentences.pdf},
	Pages = {491--519},
	Title = {Exhaustive Interpretation of Complex Sentences},
	Volume = {13},
	Year = {2004},
	Bdsk-File-1 = {YnBsaXN0MDDUAQIDBAUIJidUJHRvcFgkb2JqZWN0c1gkdmVyc2lvblkkYXJjaGl2ZXLRBgdUcm9vdIABqAkKFRYXGyIjVSRudWxs0wsMDQ4RFFpOUy5vYmplY3RzV05TLmtleXNWJGNsYXNzog8QgASABqISE4ACgAOAB1lhbGlhc0RhdGFccmVsYXRpdmVQYXRo0hgNGRpXTlMuZGF0YU8RAn4AAAAAAn4AAgAADE1hY2ludG9zaCBIRAAAAAAAAAAAAAAAAAAAAMarmBZIKwAAAAzdWh9Sb29panZhbiBSb29palNjaHVsel8jQ0UwMUEucGRmAAAAAAAAAAAAAAAAAAAAAAAAAAAAAAAAAAAAAAAAAAAADOAaAAAAAAAAAAAAAAAAAAQABQAACSAAAAAAAAAAAAAAAAAAAAAKTGl0ZXJhdHVyZQAQAAgAAMare/YAAAARAAgAAAAAAAAAAAABABgADN1aAAyfUAAMgOgAB/mwAAf5pQAAkOcAAgBbTWFjaW50b3NoIEhEOlVzZXJzOgBtaWNoYToARGVza3RvcDoAZGF0YToAc3luYzoATGl0ZXJhdHVyZToAUm9vaWp2YW4gUm9vaWpTY2h1bHpfI0NFMDFBLnBkZgAADgCaAEwAUgBvAG8AaQBqAHYAYQBuACAAUgBvAG8AaQBqAFMAYwBoAHUAbAB6AF8AMgAwADAANABfAEUAeABoAGEAdQBzAHQAaQB2AGUAIABJAG4AdABlAHIAcAByAGUAdABhAHQAaQBvAG4AIABvAGYAIABDAG8AbQBwAGwAZQB4ACAAUwBlAG4AdABlAG4AYwBlAHMALgBwAGQAZgAPABoADABNAGEAYwBpAG4AdABvAHMAaAAgAEgARAASAHVVc2Vycy9taWNoYS9EZXNrdG9wL2RhdGEvc3luYy9MaXRlcmF0dXJlL1Jvb2lqdmFuIFJvb2lqU2NodWx6XzIwMDRfRXhoYXVzdGl2ZSBJbnRlcnByZXRhdGlvbiBvZiBDb21wbGV4IFNlbnRlbmNlcy5wZGYAABMAAS8AABUAAgAM//8AAIAF0hwdHh9YJGNsYXNzZXNaJGNsYXNzbmFtZaMfICFdTlNNdXRhYmxlRGF0YVZOU0RhdGFYTlNPYmplY3RfEHUuLi8uLi8uLi8uLi9EZXNrdG9wL2RhdGEvc3luYy9MaXRlcmF0dXJlL1Jvb2lqdmFuIFJvb2lqU2NodWx6XzIwMDRfRXhoYXVzdGl2ZSBJbnRlcnByZXRhdGlvbiBvZiBDb21wbGV4IFNlbnRlbmNlcy5wZGbSHB0kJaIlIVxOU0RpY3Rpb25hcnkSAAGGoF8QD05TS2V5ZWRBcmNoaXZlcgAIABEAFgAfACgAMgA1ADoAPABFAEsAUgBdAGUAbABvAHEAcwB2AHgAegB8AIYAkwCYAKADIgMkAykDMgM9A0EDTwNWA18D1wPcA98D7APxAAAAAAAAAgEAAAAAAAAAKAAAAAAAAAAAAAAAAAAABAM=}}

@book{LevinsonPresumptiveMeanings2000,
	Address = {Cambridge, Massachusetts},
	Author = {Stephen C. Levinson},
	Publisher = {MIT Press},
	Title = {Presumptive Meanings. The Theory of Generalized Conversational Implicature},
	Year = 2000}

@article{vanRooijSchulz:ExhaustiveInterpretation,
	Author = {Katrin Schulz and {\SortNoop{Rooij}}van Rooij, Robert},
	Date-Modified = {2011-01-24 22:10:16 +0100},
	Doi = {DOI: 10.1007/s10988-005-3760-4},
	Journal = {Linguistics and Philosophy},
	Local-Url = {file://localhost/Users/micha/Desktop/data/sync/Literature/Rooijvan%20RooijSchulz_2006_Pragmatic%20Meaning%20and%20Non-monotonic%20Reasoning%20The%20Case%20of%20Exhaustive%20Interpretation.pdf},
	Pages = {205--250},
	Title = {Pragmatic Meaning and Non-monotonic Reasoning: The Case of Exhaustive Interpretation},
	Volume = {29},
	Year = 2006,
	Bdsk-File-1 = {YnBsaXN0MDDUAQIDBAUIJidUJHRvcFgkb2JqZWN0c1gkdmVyc2lvblkkYXJjaGl2ZXLRBgdUcm9vdIABqAkKFRYXGyIjVSRudWxs0wsMDQ4RFFpOUy5vYmplY3RzV05TLmtleXNWJGNsYXNzog8QgASABqISE4ACgAOAB1lhbGlhc0RhdGFccmVsYXRpdmVQYXRo0hgNGRpXTlMuZGF0YU8RAuwAAAAAAuwAAgAADE1hY2ludG9zaCBIRAAAAAAAAAAAAAAAAAAAAMarmBZIKwAAAAzdWh9Sb29panZhbiBSb29palNjaHVsel8jQ0UwMUMucGRmAAAAAAAAAAAAAAAAAAAAAAAAAAAAAAAAAAAAAAAAAAAADOAcxH7w9gAAAAAAAAAAAAQABQAACSAAAAAAAAAAAAAAAAAAAAAKTGl0ZXJhdHVyZQAQAAgAAMare/YAAAARAAgAAMR+1NYAAAABABgADN1aAAyfUAAMgOgAB/mwAAf5pQAAkOcAAgBbTWFjaW50b3NoIEhEOlVzZXJzOgBtaWNoYToARGVza3RvcDoAZGF0YToAc3luYzoATGl0ZXJhdHVyZToAUm9vaWp2YW4gUm9vaWpTY2h1bHpfI0NFMDFDLnBkZgAADgDkAHEAUgBvAG8AaQBqAHYAYQBuACAAUgBvAG8AaQBqAFMAYwBoAHUAbAB6AF8AMgAwADAANgBfAFAAcgBhAGcAbQBhAHQAaQBjACAATQBlAGEAbgBpAG4AZwAgAGEAbgBkACAATgBvAG4ALQBtAG8AbgBvAHQAbwBuAGkAYwAgAFIAZQBhAHMAbwBuAGkAbgBnACAAVABoAGUAIABDAGEAcwBlACAAbwBmACAARQB4AGgAYQB1AHMAdABpAHYAZQAgAEkAbgB0AGUAcgBwAHIAZQB0AGEAdABpAG8AbgAuAHAAZABmAA8AGgAMAE0AYQBjAGkAbgB0AG8AcwBoACAASABEABIAmlVzZXJzL21pY2hhL0Rlc2t0b3AvZGF0YS9zeW5jL0xpdGVyYXR1cmUvUm9vaWp2YW4gUm9vaWpTY2h1bHpfMjAwNl9QcmFnbWF0aWMgTWVhbmluZyBhbmQgTm9uLW1vbm90b25pYyBSZWFzb25pbmcgVGhlIENhc2Ugb2YgRXhoYXVzdGl2ZSBJbnRlcnByZXRhdGlvbi5wZGYAEwABLwAAFQACAAz//wAAgAXSHB0eH1gkY2xhc3Nlc1okY2xhc3NuYW1lox8gIV1OU011dGFibGVEYXRhVk5TRGF0YVhOU09iamVjdF8Qmi4uLy4uLy4uLy4uL0Rlc2t0b3AvZGF0YS9zeW5jL0xpdGVyYXR1cmUvUm9vaWp2YW4gUm9vaWpTY2h1bHpfMjAwNl9QcmFnbWF0aWMgTWVhbmluZyBhbmQgTm9uLW1vbm90b25pYyBSZWFzb25pbmcgVGhlIENhc2Ugb2YgRXhoYXVzdGl2ZSBJbnRlcnByZXRhdGlvbi5wZGbSHB0kJaIlIVxOU0RpY3Rpb25hcnkSAAGGoF8QD05TS2V5ZWRBcmNoaXZlcgAIABEAFgAfACgAMgA1ADoAPABFAEsAUgBdAGUAbABvAHEAcwB2AHgAegB8AIYAkwCYAKADkAOSA5cDoAOrA68DvQPEA80EagRvBHIEfwSEAAAAAAAAAgEAAAAAAAAAKAAAAAAAAAAAAAAAAAAABJY=}}

@incollection{Spector2006:Scalar-Implicat,
	Address = {Amsterdam, Singapore},
	Author = {Benjamin Spector},
	Booktitle = {Questions in Dynamic Semantics},
	Date-Added = {2008-06-17 18:20:11 +0200},
	Date-Modified = {2011-01-21 10:24:42 +0100},
	Editor = {Maria Aloni and Alistair Butler and Paul Dekker},
	Local-Url = {file://localhost/Users/micha/Desktop/data/sync/Literature/Spector_2006_Scalar%20Implicatures%20Exhaustivity%20and%20Gricean%20Reasoning.pdf},
	Pages = {229--254},
	Publisher = {Elsevier},
	Title = {Scalar Implicatures: Exhaustivity and Gricean Reasoning},
	Year = {2006},
	Bdsk-File-1 = {YnBsaXN0MDDUAQIDBAUIJidUJHRvcFgkb2JqZWN0c1gkdmVyc2lvblkkYXJjaGl2ZXLRBgdUcm9vdIABqAkKFRYXGyIjVSRudWxs0wsMDQ4RFFpOUy5vYmplY3RzV05TLmtleXNWJGNsYXNzog8QgASABqISE4ACgAOAB1lhbGlhc0RhdGFccmVsYXRpdmVQYXRo0hgNGRpXTlMuZGF0YU8RAm4AAAAAAm4AAgAADE1hY2ludG9zaCBIRAAAAAAAAAAAAAAAAAAAAMarmBZIKwAAAAzdWh9TcGVjdG9yXzIwMDZfU2NhbGFyIEkjQ0UwNUQucGRmAAAAAAAAAAAAAAAAAAAAAAAAAAAAAAAAAAAAAAAAAAAADOBdxH3cfQAAAAAAAAAAAAQABQAACSAAAAAAAAAAAAAAAAAAAAAKTGl0ZXJhdHVyZQAQAAgAAMare/YAAAARAAgAAMR9wF0AAAABABgADN1aAAyfUAAMgOgAB/mwAAf5pQAAkOcAAgBbTWFjaW50b3NoIEhEOlVzZXJzOgBtaWNoYToARGVza3RvcDoAZGF0YToAc3luYzoATGl0ZXJhdHVyZToAU3BlY3Rvcl8yMDA2X1NjYWxhciBJI0NFMDVELnBkZgAADgCQAEcAUwBwAGUAYwB0AG8AcgBfADIAMAAwADYAXwBTAGMAYQBsAGEAcgAgAEkAbQBwAGwAaQBjAGEAdAB1AHIAZQBzACAARQB4AGgAYQB1AHMAdABpAHYAaQB0AHkAIABhAG4AZAAgAEcAcgBpAGMAZQBhAG4AIABSAGUAYQBzAG8AbgBpAG4AZwAuAHAAZABmAA8AGgAMAE0AYQBjAGkAbgB0AG8AcwBoACAASABEABIAcFVzZXJzL21pY2hhL0Rlc2t0b3AvZGF0YS9zeW5jL0xpdGVyYXR1cmUvU3BlY3Rvcl8yMDA2X1NjYWxhciBJbXBsaWNhdHVyZXMgRXhoYXVzdGl2aXR5IGFuZCBHcmljZWFuIFJlYXNvbmluZy5wZGYAEwABLwAAFQACAAz//wAAgAXSHB0eH1gkY2xhc3Nlc1okY2xhc3NuYW1lox8gIV1OU011dGFibGVEYXRhVk5TRGF0YVhOU09iamVjdF8QcC4uLy4uLy4uLy4uL0Rlc2t0b3AvZGF0YS9zeW5jL0xpdGVyYXR1cmUvU3BlY3Rvcl8yMDA2X1NjYWxhciBJbXBsaWNhdHVyZXMgRXhoYXVzdGl2aXR5IGFuZCBHcmljZWFuIFJlYXNvbmluZy5wZGbSHB0kJaIlIVxOU0RpY3Rpb25hcnkSAAGGoF8QD05TS2V5ZWRBcmNoaXZlcgAIABEAFgAfACgAMgA1ADoAPABFAEsAUgBdAGUAbABvAHEAcwB2AHgAegB8AIYAkwCYAKADEgMUAxkDIgMtAzEDPwNGA08DwgPHA8oD1wPcAAAAAAAAAgEAAAAAAAAAKAAAAAAAAAAAAAAAAAAAA+4=}}

@book{Geurts2010:Quantity-Implic,
	Author = {Bart Geurts},
	Date-Added = {2010-08-26 16:27:47 +0200},
	Date-Modified = {2010-08-26 16:28:17 +0200},
	Publisher = {Cambridge University Press},
	Title = {Quantity Implicatures},
	Year = {2010},
	Bdsk-File-1 = {YnBsaXN0MDDUAQIDBAUIJidUJHRvcFgkb2JqZWN0c1gkdmVyc2lvblkkYXJjaGl2ZXLRBgdUcm9vdIABqAkKFRYXGyIjVSRudWxs0wsMDQ4RFFpOUy5vYmplY3RzV05TLmtleXNWJGNsYXNzog8QgASABqISE4ACgAOAB1lhbGlhc0RhdGFccmVsYXRpdmVQYXRo0hgNGRpXTlMuZGF0YU8RAggAAAAAAggAAgAADE1hY2ludG9zaCBIRAAAAAAAAAAAAAAAAAAAAMarmBZIKwAAAAzdWh9HZXVydHNfMjAxMF9RdWFudGl0eSMyMjlFNkMucGRmAAAAAAAAAAAAAAAAAAAAAAAAAAAAAAAAAAAAAAAAAAAAIp5syJyQzwAAAAAAAAAAAAQABQAACSAAAAAAAAAAAAAAAAAAAAAKTGl0ZXJhdHVyZQAQAAgAAMare/YAAAARAAgAAMicdK8AAAABABgADN1aAAyfUAAMgOgAB/mwAAf5pQAAkOcAAgBbTWFjaW50b3NoIEhEOlVzZXJzOgBtaWNoYToARGVza3RvcDoAZGF0YToAc3luYzoATGl0ZXJhdHVyZToAR2V1cnRzXzIwMTBfUXVhbnRpdHkjMjI5RTZDLnBkZgAADgBMACUARwBlAHUAcgB0AHMAXwAyADAAMQAwAF8AUQB1AGEAbgB0AGkAdAB5ACAASQBtAHAAbABpAGMAYQB0AHUAcgBlAHMALgBwAGQAZgAPABoADABNAGEAYwBpAG4AdABvAHMAaAAgAEgARAASAE5Vc2Vycy9taWNoYS9EZXNrdG9wL2RhdGEvc3luYy9MaXRlcmF0dXJlL0dldXJ0c18yMDEwX1F1YW50aXR5IEltcGxpY2F0dXJlcy5wZGYAEwABLwAAFQACAAz//wAAgAXSHB0eH1gkY2xhc3Nlc1okY2xhc3NuYW1lox8gIV1OU011dGFibGVEYXRhVk5TRGF0YVhOU09iamVjdF8QTi4uLy4uLy4uLy4uL0Rlc2t0b3AvZGF0YS9zeW5jL0xpdGVyYXR1cmUvR2V1cnRzXzIwMTBfUXVhbnRpdHkgSW1wbGljYXR1cmVzLnBkZtIcHSQloiUhXE5TRGljdGlvbmFyeRIAAYagXxAPTlNLZXllZEFyY2hpdmVyAAgAEQAWAB8AKAAyADUAOgA8AEUASwBSAF0AZQBsAG8AcQBzAHYAeAB6AHwAhgCTAJgAoAKsAq4CswK8AscCywLZAuAC6QM6Az8DQgNPA1QAAAAAAAACAQAAAAAAAAAoAAAAAAAAAAAAAAAAAAADZg==}}

@article{ChemlaSpector2010:Experimental-Ev,
	Author = {Emmanuel Chemla and Benjamin Spector},
	Date-Added = {2010-08-16 10:22:30 +0200},
	Date-Modified = {2012-01-25 11:35:32 +0100},
	Doi = {10.1093/jos/ffq023},
	Journal = {Journal of Semantics},
	Pages = {359--400},
	Title = {Experimental Evidence for Embedded Scalar Implicatures},
	Volume = {28},
	Year = {2011},
	Bdsk-File-1 = {YnBsaXN0MDDUAQIDBAUIJidUJHRvcFgkb2JqZWN0c1gkdmVyc2lvblkkYXJjaGl2ZXLRBgdUcm9vdIABqAkKFRYXGyIjVSRudWxs0wsMDQ4RFFpOUy5vYmplY3RzV05TLmtleXNWJGNsYXNzog8QgASABqISE4ACgAOAB1lhbGlhc0RhdGFccmVsYXRpdmVQYXRo0hgNGRpXTlMuZGF0YU8RAoAAAAAAAoAAAgAADE1hY2ludG9zaCBIRAAAAAAAAAAAAAAAAAAAAMarmBZIKwAAAAzdWh9DaGVtbGFTcGVjdG9yXzIwMTBfRSMyMjlFNjkucGRmAAAAAAAAAAAAAAAAAAAAAAAAAAAAAAAAAAAAAAAAAAAAIp5pyJyQzwAAAAAAAAAAAAQABQAACSAAAAAAAAAAAAAAAAAAAAAKTGl0ZXJhdHVyZQAQAAgAAMare/YAAAARAAgAAMicdK8AAAABABgADN1aAAyfUAAMgOgAB/mwAAf5pQAAkOcAAgBbTWFjaW50b3NoIEhEOlVzZXJzOgBtaWNoYToARGVza3RvcDoAZGF0YToAc3luYzoATGl0ZXJhdHVyZToAQ2hlbWxhU3BlY3Rvcl8yMDEwX0UjMjI5RTY5LnBkZgAADgCcAE0AQwBoAGUAbQBsAGEAUwBwAGUAYwB0AG8AcgBfADIAMAAxADAAXwBFAHgAcABlAHIAaQBtAGUAbgB0AGEAbAAgAEUAdgBpAGQAZQBuAGMAZQAgAGYAbwByACAARQBtAGIAZQBkAGQAZQBkACAAUwBjAGEAbABhAHIAIABJAG0AcABsAGkAYwBhAHQAdQByAGUAcwAuAHAAZABmAA8AGgAMAE0AYQBjAGkAbgB0AG8AcwBoACAASABEABIAdlVzZXJzL21pY2hhL0Rlc2t0b3AvZGF0YS9zeW5jL0xpdGVyYXR1cmUvQ2hlbWxhU3BlY3Rvcl8yMDEwX0V4cGVyaW1lbnRhbCBFdmlkZW5jZSBmb3IgRW1iZWRkZWQgU2NhbGFyIEltcGxpY2F0dXJlcy5wZGYAEwABLwAAFQACAAz//wAAgAXSHB0eH1gkY2xhc3Nlc1okY2xhc3NuYW1lox8gIV1OU011dGFibGVEYXRhVk5TRGF0YVhOU09iamVjdF8Qdi4uLy4uLy4uLy4uL0Rlc2t0b3AvZGF0YS9zeW5jL0xpdGVyYXR1cmUvQ2hlbWxhU3BlY3Rvcl8yMDEwX0V4cGVyaW1lbnRhbCBFdmlkZW5jZSBmb3IgRW1iZWRkZWQgU2NhbGFyIEltcGxpY2F0dXJlcy5wZGbSHB0kJaIlIVxOU0RpY3Rpb25hcnkSAAGGoF8QD05TS2V5ZWRBcmNoaXZlcgAIABEAFgAfACgAMgA1ADoAPABFAEsAUgBdAGUAbABvAHEAcwB2AHgAegB8AIYAkwCYAKADJAMmAysDNAM/A0MDUQNYA2ED2gPfA+ID7wP0AAAAAAAAAgEAAAAAAAAAKAAAAAAAAAAAAAAAAAAABAY=},
	Bdsk-File-2 = {YnBsaXN0MDDUAQIDBAUIJidUJHRvcFgkb2JqZWN0c1gkdmVyc2lvblkkYXJjaGl2ZXLRBgdUcm9vdIABqAkKFRYXGyIjVSRudWxs0wsMDQ4RFFpOUy5vYmplY3RzV05TLmtleXNWJGNsYXNzog8QgASABqISE4ACgAOAB1lhbGlhc0RhdGFccmVsYXRpdmVQYXRo0hgNGRpXTlMuZGF0YU8RAoAAAAAAAoAAAgAADE1hY2ludG9zaCBIRAAAAAAAAAAAAAAAAAAAAMarmBZIKwAAAAzdWh9DaGVtbGFTcGVjdG9yXzIwMTFfRSM3MDZBNTkucGRmAAAAAAAAAAAAAAAAAAAAAAAAAAAAAAAAAAAAAAAAAAAAcGpZy0WZbgAAAAAAAAAAAAQABQAACSAAAAAAAAAAAAAAAAAAAAAKTGl0ZXJhdHVyZQAQAAgAAMare/YAAAARAAgAAMtFi14AAAABABgADN1aAAyfUAAMgOgAB/mwAAf5pQAAkOcAAgBbTWFjaW50b3NoIEhEOlVzZXJzOgBtaWNoYToARGVza3RvcDoAZGF0YToAc3luYzoATGl0ZXJhdHVyZToAQ2hlbWxhU3BlY3Rvcl8yMDExX0UjNzA2QTU5LnBkZgAADgCcAE0AQwBoAGUAbQBsAGEAUwBwAGUAYwB0AG8AcgBfADIAMAAxADEAXwBFAHgAcABlAHIAaQBtAGUAbgB0AGEAbAAgAEUAdgBpAGQAZQBuAGMAZQAgAGYAbwByACAARQBtAGIAZQBkAGQAZQBkACAAUwBjAGEAbABhAHIAIABJAG0AcABsAGkAYwBhAHQAdQByAGUAcwAuAHAAZABmAA8AGgAMAE0AYQBjAGkAbgB0AG8AcwBoACAASABEABIAdlVzZXJzL21pY2hhL0Rlc2t0b3AvZGF0YS9zeW5jL0xpdGVyYXR1cmUvQ2hlbWxhU3BlY3Rvcl8yMDExX0V4cGVyaW1lbnRhbCBFdmlkZW5jZSBmb3IgRW1iZWRkZWQgU2NhbGFyIEltcGxpY2F0dXJlcy5wZGYAEwABLwAAFQACAAz//wAAgAXSHB0eH1gkY2xhc3Nlc1okY2xhc3NuYW1lox8gIV1OU011dGFibGVEYXRhVk5TRGF0YVhOU09iamVjdF8Qdi4uLy4uLy4uLy4uL0Rlc2t0b3AvZGF0YS9zeW5jL0xpdGVyYXR1cmUvQ2hlbWxhU3BlY3Rvcl8yMDExX0V4cGVyaW1lbnRhbCBFdmlkZW5jZSBmb3IgRW1iZWRkZWQgU2NhbGFyIEltcGxpY2F0dXJlcy5wZGbSHB0kJaIlIVxOU0RpY3Rpb25hcnkSAAGGoF8QD05TS2V5ZWRBcmNoaXZlcgAIABEAFgAfACgAMgA1ADoAPABFAEsAUgBdAGUAbABvAHEAcwB2AHgAegB8AIYAkwCYAKADJAMmAysDNAM/A0MDUQNYA2ED2gPfA+ID7wP0AAAAAAAAAgEAAAAAAAAAKAAAAAAAAAAAAAAAAAAABAY=}}

@incollection{Horn2006:The-Border-Wars,
	Author = {Laurence R. Horn},
	Booktitle = {Where Semantics Meets Pragmatics},
	Date-Added = {2012-05-22 14:26:13 +0000},
	Date-Modified = {2012-05-22 14:28:39 +0000},
	Editor = {{\SortNoop{Heusinger}}von Heusinger, Klaus},
	Pages = {21--48},
	Series = {Current Research in the Semantics/Pragmatics Interface},
	Title = {The {B}order {W}ars: {A} {N}eo-{G}ricean Perspective},
	Volume = {16},
	Year = {2006},
	Bdsk-File-1 = {YnBsaXN0MDDUAQIDBAUIJidUJHRvcFgkb2JqZWN0c1gkdmVyc2lvblkkYXJjaGl2ZXLRBgdUcm9vdIABqAkKFRYXGyIjVSRudWxs0wsMDQ4RFFpOUy5vYmplY3RzV05TLmtleXNWJGNsYXNzog8QgASABqISE4ACgAOAB1lhbGlhc0RhdGFccmVsYXRpdmVQYXRo0hgNGRpXTlMuZGF0YU8RAj4AAAAAAj4AAgAADE1hY2ludG9zaCBIRAAAAAAAAAAAAAAAAAAAAMarmBZIKwAAAAzdWh9Ib3JuXzIwMDZfVGhlIEJvcmRlciM4RUUxOTIucGRmAAAAAAAAAAAAAAAAAAAAAAAAAAAAAAAAAAAAAAAAAAAAjuGSy+Ja3gAAAAAAAAAAAAQABQAACSAAAAAAAAAAAAAAAAAAAAAKTGl0ZXJhdHVyZQAQAAgAAMare/YAAAARAAgAAMviPr4AAAABABgADN1aAAyfUAAMgOgAB/mwAAf5pQAAkOcAAgBbTWFjaW50b3NoIEhEOlVzZXJzOgBtaWNoYToARGVza3RvcDoAZGF0YToAc3luYzoATGl0ZXJhdHVyZToASG9ybl8yMDA2X1RoZSBCb3JkZXIjOEVFMTkyLnBkZgAADgBwADcASABvAHIAbgBfADIAMAAwADYAXwBUAGgAZQAgAEIAbwByAGQAZQByACAAVwBhAHIAcwAgAEEAIABOAGUAbwAtAEcAcgBpAGMAZQBhAG4AIABQAGUAcgBzAHAAZQBjAHQAaQB2AGUALgBwAGQAZgAPABoADABNAGEAYwBpAG4AdABvAHMAaAAgAEgARAASAGBVc2Vycy9taWNoYS9EZXNrdG9wL2RhdGEvc3luYy9MaXRlcmF0dXJlL0hvcm5fMjAwNl9UaGUgQm9yZGVyIFdhcnMgQSBOZW8tR3JpY2VhbiBQZXJzcGVjdGl2ZS5wZGYAEwABLwAAFQACAAz//wAAgAXSHB0eH1gkY2xhc3Nlc1okY2xhc3NuYW1lox8gIV1OU011dGFibGVEYXRhVk5TRGF0YVhOU09iamVjdF8QYC4uLy4uLy4uLy4uL0Rlc2t0b3AvZGF0YS9zeW5jL0xpdGVyYXR1cmUvSG9ybl8yMDA2X1RoZSBCb3JkZXIgV2FycyBBIE5lby1HcmljZWFuIFBlcnNwZWN0aXZlLnBkZtIcHSQloiUhXE5TRGljdGlvbmFyeRIAAYagXxAPTlNLZXllZEFyY2hpdmVyAAgAEQAWAB8AKAAyADUAOgA8AEUASwBSAF0AZQBsAG8AcQBzAHYAeAB6AHwAhgCTAJgAoALiAuQC6QLyAv0DAQMPAxYDHwOCA4cDigOXA5wAAAAAAAACAQAAAAAAAAAoAAAAAAAAAAAAAAAAAAADrg==}}

@incollection{Grice1975:Logic-and-Conve,
	Author = {Paul Herbert Grice},
	Booktitle = {Syntax and Semantics, Vol.~3, Speech Acts},
	Date-Added = {2010-04-21 09:26:22 +0200},
	Date-Modified = {2010-04-22 08:53:47 +0200},
	Editor = {Peter Cole and Jerry L. Morgan},
	Keywords = {pragmatics, implicature, logic},
	Pages = {41--58},
	Publisher = {Academic Press},
	Title = {Logic and Conversation},
	Year = {1975},
	Bdsk-File-1 = {YnBsaXN0MDDUAQIDBAUIJidUJHRvcFgkb2JqZWN0c1gkdmVyc2lvblkkYXJjaGl2ZXLRBgdUcm9vdIABqAkKFRYXGyIjVSRudWxs0wsMDQ4RFFpOUy5vYmplY3RzV05TLmtleXNWJGNsYXNzog8QgASABqISE4ACgAOAB1lhbGlhc0RhdGFccmVsYXRpdmVQYXRo0hgNGRpXTlMuZGF0YU8RAggAAAAAAggAAgAADE1hY2ludG9zaCBIRAAAAAAAAAAAAAAAAAAAAMarmBZIKwAAAAzdWh9HcmljZV8xOTc1X0xvZ2ljIGFuZCMxNDI2RkIucGRmAAAAAAAAAAAAAAAAAAAAAAAAAAAAAAAAAAAAAAAAAAAAFCb7x/R1qQAAAAAAAAAAAAQABQAACSAAAAAAAAAAAAAAAAAAAAAKTGl0ZXJhdHVyZQAQAAgAAMare/YAAAARAAgAAMf0WYkAAAABABgADN1aAAyfUAAMgOgAB/mwAAf5pQAAkOcAAgBbTWFjaW50b3NoIEhEOlVzZXJzOgBtaWNoYToARGVza3RvcDoAZGF0YToAc3luYzoATGl0ZXJhdHVyZToAR3JpY2VfMTk3NV9Mb2dpYyBhbmQjMTQyNkZCLnBkZgAADgBMACUARwByAGkAYwBlAF8AMQA5ADcANQBfAEwAbwBnAGkAYwAgAGEAbgBkACAAQwBvAG4AdgBlAHIAcwBhAHQAaQBvAG4ALgBwAGQAZgAPABoADABNAGEAYwBpAG4AdABvAHMAaAAgAEgARAASAE5Vc2Vycy9taWNoYS9EZXNrdG9wL2RhdGEvc3luYy9MaXRlcmF0dXJlL0dyaWNlXzE5NzVfTG9naWMgYW5kIENvbnZlcnNhdGlvbi5wZGYAEwABLwAAFQACAAz//wAAgAXSHB0eH1gkY2xhc3Nlc1okY2xhc3NuYW1lox8gIV1OU011dGFibGVEYXRhVk5TRGF0YVhOU09iamVjdF8QTi4uLy4uLy4uLy4uL0Rlc2t0b3AvZGF0YS9zeW5jL0xpdGVyYXR1cmUvR3JpY2VfMTk3NV9Mb2dpYyBhbmQgQ29udmVyc2F0aW9uLnBkZtIcHSQloiUhXE5TRGljdGlvbmFyeRIAAYagXxAPTlNLZXllZEFyY2hpdmVyAAgAEQAWAB8AKAAyADUAOgA8AEUASwBSAF0AZQBsAG8AcQBzAHYAeAB6AHwAhgCTAJgAoAKsAq4CswK8AscCywLZAuAC6QM6Az8DQgNPA1QAAAAAAAACAQAAAAAAAAAoAAAAAAAAAAAAAAAAAAADZg==},
	Bdsk-File-2 = {YnBsaXN0MDDUAQIDBAUIJidUJHRvcFgkb2JqZWN0c1gkdmVyc2lvblkkYXJjaGl2ZXLRBgdUcm9vdIABqAkKFRYXGyIjVSRudWxs0wsMDQ4RFFpOUy5vYmplY3RzV05TLmtleXNWJGNsYXNzog8QgASABqISE4ACgAOAB1lhbGlhc0RhdGFccmVsYXRpdmVQYXRo0hgNGRpXTlMuZGF0YU8RAgwAAAAAAgwAAgAADE1hY2ludG9zaCBIRAAAAAAAAAAAAAAAAAAAAMarmBZIKwAAAAzdWh9HcmljZV8xOTc1X0xvZ2ljIGFuZCMzOEVGRUQucGRmAAAAAAAAAAAAAAAAAAAAAAAAAAAAAAAAAAAAAAAAAAAAOO/tyWOykgAAAAAAAAAAAAQABQAACSAAAAAAAAAAAAAAAAAAAAAKTGl0ZXJhdHVyZQAQAAgAAMare/YAAAARAAgAAMljpIIAAAABABgADN1aAAyfUAAMgOgAB/mwAAf5pQAAkOcAAgBbTWFjaW50b3NoIEhEOlVzZXJzOgBtaWNoYToARGVza3RvcDoAZGF0YToAc3luYzoATGl0ZXJhdHVyZToAR3JpY2VfMTk3NV9Mb2dpYyBhbmQjMzhFRkVELnBkZgAADgBOACYARwByAGkAYwBlAF8AMQA5ADcANQBfAEwAbwBnAGkAYwAgAGEAbgBkACAAQwBvAG4AdgBlAHIAcwBhAHQAaQBvAG4AYQAuAHAAZABmAA8AGgAMAE0AYQBjAGkAbgB0AG8AcwBoACAASABEABIAT1VzZXJzL21pY2hhL0Rlc2t0b3AvZGF0YS9zeW5jL0xpdGVyYXR1cmUvR3JpY2VfMTk3NV9Mb2dpYyBhbmQgQ29udmVyc2F0aW9uYS5wZGYAABMAAS8AABUAAgAM//8AAIAF0hwdHh9YJGNsYXNzZXNaJGNsYXNzbmFtZaMfICFdTlNNdXRhYmxlRGF0YVZOU0RhdGFYTlNPYmplY3RfEE8uLi8uLi8uLi8uLi9EZXNrdG9wL2RhdGEvc3luYy9MaXRlcmF0dXJlL0dyaWNlXzE5NzVfTG9naWMgYW5kIENvbnZlcnNhdGlvbmEucGRm0hwdJCWiJSFcTlNEaWN0aW9uYXJ5EgABhqBfEA9OU0tleWVkQXJjaGl2ZXIACAARABYAHwAoADIANQA6ADwARQBLAFIAXQBlAGwAbwBxAHMAdgB4AHoAfACGAJMAmACgArACsgK3AsACywLPAt0C5ALtAz8DRANHA1QDWQAAAAAAAAIBAAAAAAAAACgAAAAAAAAAAAAAAAAAAANr}}

@article{Chierchia2006:Broaden-Your-Vi,
	Author = {Gennaro Chierchia},
	Date-Added = {2012-05-18 11:37:52 +0000},
	Date-Modified = {2012-05-18 11:40:10 +0000},
	Doi = {10.1162/ling.2006.37.4.535},
	Journal = {Linguistic Inquiry},
	Number = {4},
	Pages = {535--590},
	Title = {Broaden Your Views: {I}mplicatures of Domain Widening and the Syntax/Pragmatics Interface},
	Volume = {37},
	Year = {2006},
	Bdsk-File-1 = {YnBsaXN0MDDUAQIDBAUIJidUJHRvcFgkb2JqZWN0c1gkdmVyc2lvblkkYXJjaGl2ZXLRBgdUcm9vdIABqAkKFRYXGyIjVSRudWxs0wsMDQ4RFFpOUy5vYmplY3RzV05TLmtleXNWJGNsYXNzog8QgASABqISE4ACgAOAB1lhbGlhc0RhdGFccmVsYXRpdmVQYXRo0hgNGRpXTlMuZGF0YU8RArYAAAAAArYAAgAADE1hY2ludG9zaCBIRAAAAAAAAAAAAAAAAAAAAMarmBZIKwAAAAzdWh9DaGllcmNoaWFfMjAwNl9Ccm9hZCM4Q0U1OTEucGRmAAAAAAAAAAAAAAAAAAAAAAAAAAAAAAAAAAAAAAAAAAAAjOWRy9wBywAAAAAAAAAAAAQABQAACSAAAAAAAAAAAAAAAAAAAAAKTGl0ZXJhdHVyZQAQAAgAAMare/YAAAARAAgAAMvb5asAAAABABgADN1aAAyfUAAMgOgAB/mwAAf5pQAAkOcAAgBbTWFjaW50b3NoIEhEOlVzZXJzOgBtaWNoYToARGVza3RvcDoAZGF0YToAc3luYzoATGl0ZXJhdHVyZToAQ2hpZXJjaGlhXzIwMDZfQnJvYWQjOENFNTkxLnBkZgAADgDAAF8AQwBoAGkAZQByAGMAaABpAGEAXwAyADAAMAA2AF8AQgByAG8AYQBkAGUAbgAgAFkAbwB1AHIAIABWAGkAZQB3AHMAIABJAG0AcABsAGkAYwBhAHQAdQByAGUAcwAgAG8AZgAgAEQAbwBtAGEAaQBuACAAVwBpAGQAZQBuAGkAbgBnACAAYQBuAGQAIAB0AGgAZQAgAFMAeQBuAHQAYQB4AC0AUAByAGEAZwBtAGEAdABpAGMAcwAuAHAAZABmAA8AGgAMAE0AYQBjAGkAbgB0AG8AcwBoACAASABEABIAiFVzZXJzL21pY2hhL0Rlc2t0b3AvZGF0YS9zeW5jL0xpdGVyYXR1cmUvQ2hpZXJjaGlhXzIwMDZfQnJvYWRlbiBZb3VyIFZpZXdzIEltcGxpY2F0dXJlcyBvZiBEb21haW4gV2lkZW5pbmcgYW5kIHRoZSBTeW50YXgtUHJhZ21hdGljcy5wZGYAEwABLwAAFQACAAz//wAAgAXSHB0eH1gkY2xhc3Nlc1okY2xhc3NuYW1lox8gIV1OU011dGFibGVEYXRhVk5TRGF0YVhOU09iamVjdF8QiC4uLy4uLy4uLy4uL0Rlc2t0b3AvZGF0YS9zeW5jL0xpdGVyYXR1cmUvQ2hpZXJjaGlhXzIwMDZfQnJvYWRlbiBZb3VyIFZpZXdzIEltcGxpY2F0dXJlcyBvZiBEb21haW4gV2lkZW5pbmcgYW5kIHRoZSBTeW50YXgtUHJhZ21hdGljcy5wZGbSHB0kJaIlIVxOU0RpY3Rpb25hcnkSAAGGoF8QD05TS2V5ZWRBcmNoaXZlcgAIABEAFgAfACgAMgA1ADoAPABFAEsAUgBdAGUAbABvAHEAcwB2AHgAegB8AIYAkwCYAKADWgNcA2EDagN1A3kDhwOOA5cEIgQnBCoENwQ8AAAAAAAAAgEAAAAAAAAAKAAAAAAAAAAAAAAAAAAABE4=}}

@article{Schulz2005:A-Pragmatic-Sol,
	Author = {Katrin Schulz},
	Date-Added = {2008-06-16 13:15:37 +0200},
	Date-Modified = {2011-01-24 18:05:52 +0100},
	Doi = {doi:10.1007/s11229-005-1353-y},
	Journal = {Synthese},
	Local-Url = {file://localhost/Users/micha/Desktop/data/sync/Literature/Schulz_2005_A%20Pragmatic%20Solution%20for%20the%20Paradox%20of%20Free%20Choice%20Permission.pdf},
	Pages = {343--377},
	Title = {A Pragmatic Solution for the Paradox of Free Choice Permission},
	Volume = {147},
	Year = {2005},
	Bdsk-File-1 = {YnBsaXN0MDDUAQIDBAUIJidUJHRvcFgkb2JqZWN0c1gkdmVyc2lvblkkYXJjaGl2ZXLRBgdUcm9vdIABqAkKFRYXGyIjVSRudWxs0wsMDQ4RFFpOUy5vYmplY3RzV05TLmtleXNWJGNsYXNzog8QgASABqISE4ACgAOAB1lhbGlhc0RhdGFccmVsYXRpdmVQYXRo0hgNGRpXTlMuZGF0YU8RAoQAAAAAAoQAAgAADE1hY2ludG9zaCBIRAAAAAAAAAAAAAAAAAAAAMarmBZIKwAAAAzdWh9TY2h1bHpfMjAwNV9BIFByYWdtYXQjQ0UwMzkucGRmAAAAAAAAAAAAAAAAAAAAAAAAAAAAAAAAAAAAAAAAAAAADOA5xH00LwAAAAAAAAAAAAQABQAACSAAAAAAAAAAAAAAAAAAAAAKTGl0ZXJhdHVyZQAQAAgAAMare/YAAAARAAgAAMR9GA8AAAABABgADN1aAAyfUAAMgOgAB/mwAAf5pQAAkOcAAgBbTWFjaW50b3NoIEhEOlVzZXJzOgBtaWNoYToARGVza3RvcDoAZGF0YToAc3luYzoATGl0ZXJhdHVyZToAU2NodWx6XzIwMDVfQSBQcmFnbWF0I0NFMDM5LnBkZgAADgCeAE4AUwBjAGgAdQBsAHoAXwAyADAAMAA1AF8AQQAgAFAAcgBhAGcAbQBhAHQAaQBjACAAUwBvAGwAdQB0AGkAbwBuACAAZgBvAHIAIAB0AGgAZQAgAFAAYQByAGEAZABvAHgAIABvAGYAIABGAHIAZQBlACAAQwBoAG8AaQBjAGUAIABQAGUAcgBtAGkAcwBzAGkAbwBuAC4AcABkAGYADwAaAAwATQBhAGMAaQBuAHQAbwBzAGgAIABIAEQAEgB3VXNlcnMvbWljaGEvRGVza3RvcC9kYXRhL3N5bmMvTGl0ZXJhdHVyZS9TY2h1bHpfMjAwNV9BIFByYWdtYXRpYyBTb2x1dGlvbiBmb3IgdGhlIFBhcmFkb3ggb2YgRnJlZSBDaG9pY2UgUGVybWlzc2lvbi5wZGYAABMAAS8AABUAAgAM//8AAIAF0hwdHh9YJGNsYXNzZXNaJGNsYXNzbmFtZaMfICFdTlNNdXRhYmxlRGF0YVZOU0RhdGFYTlNPYmplY3RfEHcuLi8uLi8uLi8uLi9EZXNrdG9wL2RhdGEvc3luYy9MaXRlcmF0dXJlL1NjaHVsel8yMDA1X0EgUHJhZ21hdGljIFNvbHV0aW9uIGZvciB0aGUgUGFyYWRveCBvZiBGcmVlIENob2ljZSBQZXJtaXNzaW9uLnBkZtIcHSQloiUhXE5TRGljdGlvbmFyeRIAAYagXxAPTlNLZXllZEFyY2hpdmVyAAgAEQAWAB8AKAAyADUAOgA8AEUASwBSAF0AZQBsAG8AcQBzAHYAeAB6AHwAhgCTAJgAoAMoAyoDLwM4A0MDRwNVA1wDZQPfA+QD5wP0A/kAAAAAAAACAQAAAAAAAAAoAAAAAAAAAAAAAAAAAAAECw==}}

@book{Gazdar1979:Pragmatics:-Imp,
	Address = {New York},
	Author = {Gerald Gazdar},
	Date-Added = {2008-06-18 11:05:48 +0200},
	Date-Modified = {2008-06-18 11:08:38 +0200},
	Publisher = {Academic Press},
	Title = {Pragmatics: Implicature, Presupposition, and Logical Form},
	Year = {1979}}

@article{Chemla2009:Presuppositions,
	Author = {Emmanuel Chemla},
	Date-Added = {2012-05-24 07:27:16 +0000},
	Date-Modified = {2012-05-24 07:28:16 +0000},
	Doi = {10.1007/s11050-009-9043-9},
	Journal = {Natural Language Semantics},
	Number = {4},
	Pages = {299--340},
	Title = {Presuppositions of Quantified Sentences: {E}xperimental Data},
	Volume = {17},
	Year = {2009},
	Bdsk-File-1 = {YnBsaXN0MDDUAQIDBAUIJidUJHRvcFgkb2JqZWN0c1gkdmVyc2lvblkkYXJjaGl2ZXLRBgdUcm9vdIABqAkKFRYXGyIjVSRudWxs0wsMDQ4RFFpOUy5vYmplY3RzV05TLmtleXNWJGNsYXNzog8QgASABqISE4ACgAOAB1lhbGlhc0RhdGFccmVsYXRpdmVQYXRo0hgNGRpXTlMuZGF0YU8RAnQAAAAAAnQAAgAADE1hY2ludG9zaCBIRAAAAAAAAAAAAAAAAAAAAMarmBZIKwAAAAzdWh9DaGVtbGFfMjAwOV9QcmVzdXBwbyM4RjI4NzkucGRmAAAAAAAAAAAAAAAAAAAAAAAAAAAAAAAAAAAAAAAAAAAAjyh5y+OvqQAAAAAAAAAAAAQABQAACSAAAAAAAAAAAAAAAAAAAAAKTGl0ZXJhdHVyZQAQAAgAAMare/YAAAARAAgAAMvjk4kAAAABABgADN1aAAyfUAAMgOgAB/mwAAf5pQAAkOcAAgBbTWFjaW50b3NoIEhEOlVzZXJzOgBtaWNoYToARGVza3RvcDoAZGF0YToAc3luYzoATGl0ZXJhdHVyZToAQ2hlbWxhXzIwMDlfUHJlc3VwcG8jOEYyODc5LnBkZgAADgCUAEkAQwBoAGUAbQBsAGEAXwAyADAAMAA5AF8AUAByAGUAcwB1AHAAcABvAHMAaQB0AGkAbwBuAHMAIABvAGYAIABRAHUAYQBuAHQAaQBmAGkAZQBkACAAUwBlAG4AdABlAG4AYwBlAHMAIABFAHgAcABlAHIAaQBtAGUAbgB0AGEAbAAgAEQAYQB0AGEALgBwAGQAZgAPABoADABNAGEAYwBpAG4AdABvAHMAaAAgAEgARAASAHJVc2Vycy9taWNoYS9EZXNrdG9wL2RhdGEvc3luYy9MaXRlcmF0dXJlL0NoZW1sYV8yMDA5X1ByZXN1cHBvc2l0aW9ucyBvZiBRdWFudGlmaWVkIFNlbnRlbmNlcyBFeHBlcmltZW50YWwgRGF0YS5wZGYAEwABLwAAFQACAAz//wAAgAXSHB0eH1gkY2xhc3Nlc1okY2xhc3NuYW1lox8gIV1OU011dGFibGVEYXRhVk5TRGF0YVhOU09iamVjdF8Qci4uLy4uLy4uLy4uL0Rlc2t0b3AvZGF0YS9zeW5jL0xpdGVyYXR1cmUvQ2hlbWxhXzIwMDlfUHJlc3VwcG9zaXRpb25zIG9mIFF1YW50aWZpZWQgU2VudGVuY2VzIEV4cGVyaW1lbnRhbCBEYXRhLnBkZtIcHSQloiUhXE5TRGljdGlvbmFyeRIAAYagXxAPTlNLZXllZEFyY2hpdmVyAAgAEQAWAB8AKAAyADUAOgA8AEUASwBSAF0AZQBsAG8AcQBzAHYAeAB6AHwAhgCTAJgAoAMYAxoDHwMoAzMDNwNFA0wDVQPKA88D0gPfA+QAAAAAAAACAQAAAAAAAAAoAAAAAAAAAAAAAAAAAAAD9g==}}

@incollection{AtlasLevinson1981,
	Author = {Jay David Atlas and Stephen Levinson},
	Booktitle = {Radical Pragmatics},
	Date-Modified = {2008-09-15 10:29:43 +0200},
	Editor = {Peter Cole},
	Pages = {1--61},
	Publisher = {Academic Press},
	Title = {It-clefts, Informativeness, and Logical Form},
	Year = {1981}}

@article{Sauerland2004:Scalar-Implicat,
	Author = {Uli Sauerland},
	Date-Added = {2008-06-16 13:14:03 +0200},
	Date-Modified = {2011-01-24 22:27:52 +0100},
	Doi = {10.1023/B:LING.0000023378.71748.db},
	Journal = {Linguistics and Philosophy},
	Local-Url = {file://localhost/Users/micha/Desktop/data/sync/Literature/Sauerland_2004_Scalar%20Implicatures%20in%20Complex%20Sentences.pdf},
	Pages = {367--391},
	Title = {Scalar Implicatures in Complex Sentences},
	Volume = {27},
	Year = {2004},
	Bdsk-File-1 = {YnBsaXN0MDDUAQIDBAUIJidUJHRvcFgkb2JqZWN0c1gkdmVyc2lvblkkYXJjaGl2ZXLRBgdUcm9vdIABqAkKFRYXGyIjVSRudWxs0wsMDQ4RFFpOUy5vYmplY3RzV05TLmtleXNWJGNsYXNzog8QgASABqISE4ACgAOAB1lhbGlhc0RhdGFccmVsYXRpdmVQYXRo0hgNGRpXTlMuZGF0YU8RAkoAAAAAAkoAAgAADE1hY2ludG9zaCBIRAAAAAAAAAAAAAAAAAAAAMarmBZIKwAAAAzdWh9TYXVlcmxhbmRfMjAwNF9TY2FsYXIjQ0UwMkUucGRmAAAAAAAAAAAAAAAAAAAAAAAAAAAAAAAAAAAAAAAAAAAADOAuxH00LwAAAAAAAAAAAAQABQAACSAAAAAAAAAAAAAAAAAAAAAKTGl0ZXJhdHVyZQAQAAgAAMare/YAAAARAAgAAMR9GA8AAAABABgADN1aAAyfUAAMgOgAB/mwAAf5pQAAkOcAAgBbTWFjaW50b3NoIEhEOlVzZXJzOgBtaWNoYToARGVza3RvcDoAZGF0YToAc3luYzoATGl0ZXJhdHVyZToAU2F1ZXJsYW5kXzIwMDRfU2NhbGFyI0NFMDJFLnBkZgAADgB4ADsAUwBhAHUAZQByAGwAYQBuAGQAXwAyADAAMAA0AF8AUwBjAGEAbABhAHIAIABJAG0AcABsAGkAYwBhAHQAdQByAGUAcwAgAGkAbgAgAEMAbwBtAHAAbABlAHgAIABTAGUAbgB0AGUAbgBjAGUAcwAuAHAAZABmAA8AGgAMAE0AYQBjAGkAbgB0AG8AcwBoACAASABEABIAZFVzZXJzL21pY2hhL0Rlc2t0b3AvZGF0YS9zeW5jL0xpdGVyYXR1cmUvU2F1ZXJsYW5kXzIwMDRfU2NhbGFyIEltcGxpY2F0dXJlcyBpbiBDb21wbGV4IFNlbnRlbmNlcy5wZGYAEwABLwAAFQACAAz//wAAgAXSHB0eH1gkY2xhc3Nlc1okY2xhc3NuYW1lox8gIV1OU011dGFibGVEYXRhVk5TRGF0YVhOU09iamVjdF8QZC4uLy4uLy4uLy4uL0Rlc2t0b3AvZGF0YS9zeW5jL0xpdGVyYXR1cmUvU2F1ZXJsYW5kXzIwMDRfU2NhbGFyIEltcGxpY2F0dXJlcyBpbiBDb21wbGV4IFNlbnRlbmNlcy5wZGbSHB0kJaIlIVxOU0RpY3Rpb25hcnkSAAGGoF8QD05TS2V5ZWRBcmNoaXZlcgAIABEAFgAfACgAMgA1ADoAPABFAEsAUgBdAGUAbABvAHEAcwB2AHgAegB8AIYAkwCYAKAC7gLwAvUC/gMJAw0DGwMiAysDkgOXA5oDpwOsAAAAAAAAAgEAAAAAAAAAKAAAAAAAAAAAAAAAAAAAA74=}}

@article{Geurts2009:Scalar-Implicat,
	Author = {Bart Geurts},
	Date-Added = {2008-09-05 12:18:39 +0200},
	Date-Modified = {2009-02-19 08:26:17 +0100},
	Journal = {Mind and Language},
	Local-Url = {file://localhost/Users/micha/Desktop/data/sync/Literature/Geurts_2009_Scalar%20Implicature%20and%20Local%20Pragmatics.pdf},
	Number = {1},
	Pages = {51--79},
	Title = {Scalar Implicature and Local Pragmatics},
	Volume = {24},
	Year = {2009},
	Bdsk-File-1 = {YnBsaXN0MDDUAQIDBAUIJidUJHRvcFgkb2JqZWN0c1gkdmVyc2lvblkkYXJjaGl2ZXLRBgdUcm9vdIABqAkKFRYXGyIjVSRudWxs0wsMDQ4RFFpOUy5vYmplY3RzV05TLmtleXNWJGNsYXNzog8QgASABqISE4ACgAOAB1lhbGlhc0RhdGFccmVsYXRpdmVQYXRo0hgNGRpXTlMuZGF0YU8RAj4AAAAAAj4AAgAADE1hY2ludG9zaCBIRAAAAAAAAAAAAAAAAAAAAMarmBZIKwAAAAzdWh9HZXVydHNfMjAwOV9TY2FsYXIgSW0jQ0RERDcucGRmAAAAAAAAAAAAAAAAAAAAAAAAAAAAAAAAAAAAAAAAAAAADN3XxcLQiAAAAAAAAAAAAAQABQAACSAAAAAAAAAAAAAAAAAAAAAKTGl0ZXJhdHVyZQAQAAgAAMare/YAAAARAAgAAMXCwngAAAABABgADN1aAAyfUAAMgOgAB/mwAAf5pQAAkOcAAgBbTWFjaW50b3NoIEhEOlVzZXJzOgBtaWNoYToARGVza3RvcDoAZGF0YToAc3luYzoATGl0ZXJhdHVyZToAR2V1cnRzXzIwMDlfU2NhbGFyIEltI0NEREQ3LnBkZgAADgBwADcARwBlAHUAcgB0AHMAXwAyADAAMAA5AF8AUwBjAGEAbABhAHIAIABJAG0AcABsAGkAYwBhAHQAdQByAGUAIABhAG4AZAAgAEwAbwBjAGEAbAAgAFAAcgBhAGcAbQBhAHQAaQBjAHMALgBwAGQAZgAPABoADABNAGEAYwBpAG4AdABvAHMAaAAgAEgARAASAGBVc2Vycy9taWNoYS9EZXNrdG9wL2RhdGEvc3luYy9MaXRlcmF0dXJlL0dldXJ0c18yMDA5X1NjYWxhciBJbXBsaWNhdHVyZSBhbmQgTG9jYWwgUHJhZ21hdGljcy5wZGYAEwABLwAAFQACAAz//wAAgAXSHB0eH1gkY2xhc3Nlc1okY2xhc3NuYW1lox8gIV1OU011dGFibGVEYXRhVk5TRGF0YVhOU09iamVjdF8QYC4uLy4uLy4uLy4uL0Rlc2t0b3AvZGF0YS9zeW5jL0xpdGVyYXR1cmUvR2V1cnRzXzIwMDlfU2NhbGFyIEltcGxpY2F0dXJlIGFuZCBMb2NhbCBQcmFnbWF0aWNzLnBkZtIcHSQloiUhXE5TRGljdGlvbmFyeRIAAYagXxAPTlNLZXllZEFyY2hpdmVyAAgAEQAWAB8AKAAyADUAOgA8AEUASwBSAF0AZQBsAG8AcQBzAHYAeAB6AHwAhgCTAJgAoALiAuQC6QLyAv0DAQMPAxYDHwOCA4cDigOXA5wAAAAAAAACAQAAAAAAAAAoAAAAAAAAAAAAAAAAAAADrg==}}

@article{Franke2011:Quantity-Implic,
	Author = {Michael Franke},
	Date-Added = {2010-11-02 10:55:05 +0100},
	Date-Modified = {2011-06-21 15:29:34 +0200},
	Doi = {doi:10.3765/sp.4.1},
	Journal = {Semantics \& Pragmatics},
	Keywords = {quantity implicatures, exhaustive interpretation, signaling games, game theoretic pragmatics},
	Number = {1},
	Pages = {1--82},
	Title = {Quantity Implicatures, Exhaustive Interpretation, and Rational Conversation},
	Volume = {4},
	Year = {2011},
	Bdsk-File-1 = {YnBsaXN0MDDUAQIDBAUIJidUJHRvcFgkb2JqZWN0c1gkdmVyc2lvblkkYXJjaGl2ZXLRBgdUcm9vdIABqAkKFRYXGyIjVSRudWxs0wsMDQ4RFFpOUy5vYmplY3RzV05TLmtleXNWJGNsYXNzog8QgASABqISE4ACgAOAB1lhbGlhc0RhdGFccmVsYXRpdmVQYXRo0hgNGRpXTlMuZGF0YU8RAmgAAAAAAmgAAgAADE1hY2ludG9zaCBIRAAAAAAAAAAAAAAAAAAAAMcr3C9IKwAAAAhsoR9GcmFua2VfMjAxMF9RdWFudGl0eSMyREFBQzgucGRmAAAAAAAAAAAAAAAAAAAAAAAAAAAAAAAAAAAAAAAAAAAALarIyPWex1BERiAAAAAAAAQAAgAACSAAAAAAAAAAAAAAAAAAAAAGLlRyYXNoABAACAAAxyvOHwAAABEACAAAyPWQtwAAAAEADAAIbKEACAv+AACRjQACAD9NYWNpbnRvc2ggSEQ6VXNlcnM6bWljaGE6LlRyYXNoOkZyYW5rZV8yMDEwX1F1YW50aXR5IzJEQUFDOC5wZGYAAA4AuABbAEYAcgBhAG4AawBlAF8AMgAwADEAMABfAFEAdQBhAG4AdABpAHQAeQAgAEkAbQBwAGwAaQBjAGEAdAB1AHIAZQBzACwAIABFAHgAaABhAHUAcwB0AGkAdgBlACAASQBuAHQAZQByAHAAcgBlAHQAYQB0AGkAbwBuACwAIABhAG4AZAAgAFIAYQB0AGkAbwBuAGEAbAAgAEMAbwBuAHYAZQByAHMAYQB0AGkAbwBuAC4AcABkAGYADwAaAAwATQBhAGMAaQBuAHQAbwBzAGgAIABIAEQAEgBuVXNlcnMvbWljaGEvLlRyYXNoL0ZyYW5rZV8yMDEwX1F1YW50aXR5IEltcGxpY2F0dXJlcywgRXhoYXVzdGl2ZSBJbnRlcnByZXRhdGlvbiwgYW5kIFJhdGlvbmFsIENvbnZlcnNhdGlvbi5wZGYAEwABLwAAFQACAAz//wAAgAXSHB0eH1gkY2xhc3Nlc1okY2xhc3NuYW1lox8gIV1OU011dGFibGVEYXRhVk5TRGF0YVhOU09iamVjdF8Qbi4uLy4uLy4uLy4uLy5UcmFzaC9GcmFua2VfMjAxMF9RdWFudGl0eSBJbXBsaWNhdHVyZXMsIEV4aGF1c3RpdmUgSW50ZXJwcmV0YXRpb24sIGFuZCBSYXRpb25hbCBDb252ZXJzYXRpb24ucGRm0hwdJCWiJSFcTlNEaWN0aW9uYXJ5EgABhqBfEA9OU0tleWVkQXJjaGl2ZXIACAARABYAHwAoADIANQA6ADwARQBLAFIAXQBlAGwAbwBxAHMAdgB4AHoAfACGAJMAmACgAwwDDgMTAxwDJwMrAzkDQANJA7oDvwPCA88D1AAAAAAAAAIBAAAAAAAAACgAAAAAAAAAAAAAAAAAAAPm},
	Bdsk-File-2 = {YnBsaXN0MDDUAQIDBAUIJidUJHRvcFgkb2JqZWN0c1gkdmVyc2lvblkkYXJjaGl2ZXLRBgdUcm9vdIABqAkKFRYXGyIjVSRudWxs0wsMDQ4RFFpOUy5vYmplY3RzV05TLmtleXNWJGNsYXNzog8QgASABqISE4ACgAOAB1lhbGlhc0RhdGFccmVsYXRpdmVQYXRo0hgNGRpXTlMuZGF0YU8RAqoAAAAAAqoAAgAADE1hY2ludG9zaCBIRAAAAAAAAAAAAAAAAAAAAMarmBZIKwAAAAzdWh9GcmFua2VfMjAxMV9RdWFudGl0eSM1NTFCOTYucGRmAAAAAAAAAAAAAAAAAAAAAAAAAAAAAAAAAAAAAAAAAAAAVRuWyiasgAAAAAAAAAAAAAQABQAACSAAAAAAAAAAAAAAAAAAAAAKTGl0ZXJhdHVyZQAQAAgAAMare/YAAAARAAgAAMomkGAAAAABABgADN1aAAyfUAAMgOgAB/mwAAf5pQAAkOcAAgBbTWFjaW50b3NoIEhEOlVzZXJzOgBtaWNoYToARGVza3RvcDoAZGF0YToAc3luYzoATGl0ZXJhdHVyZToARnJhbmtlXzIwMTFfUXVhbnRpdHkjNTUxQjk2LnBkZgAADgC4AFsARgByAGEAbgBrAGUAXwAyADAAMQAxAF8AUQB1AGEAbgB0AGkAdAB5ACAASQBtAHAAbABpAGMAYQB0AHUAcgBlAHMALAAgAEUAeABoAGEAdQBzAHQAaQB2AGUAIABJAG4AdABlAHIAcAByAGUAdABhAHQAaQBvAG4ALAAgAGEAbgBkACAAUgBhAHQAaQBvAG4AYQBsACAAQwBvAG4AdgBlAHIAcwBhAHQAaQBvAG4ALgBwAGQAZgAPABoADABNAGEAYwBpAG4AdABvAHMAaAAgAEgARAASAIRVc2Vycy9taWNoYS9EZXNrdG9wL2RhdGEvc3luYy9MaXRlcmF0dXJlL0ZyYW5rZV8yMDExX1F1YW50aXR5IEltcGxpY2F0dXJlcywgRXhoYXVzdGl2ZSBJbnRlcnByZXRhdGlvbiwgYW5kIFJhdGlvbmFsIENvbnZlcnNhdGlvbi5wZGYAEwABLwAAFQACAAz//wAAgAXSHB0eH1gkY2xhc3Nlc1okY2xhc3NuYW1lox8gIV1OU011dGFibGVEYXRhVk5TRGF0YVhOU09iamVjdF8QhC4uLy4uLy4uLy4uL0Rlc2t0b3AvZGF0YS9zeW5jL0xpdGVyYXR1cmUvRnJhbmtlXzIwMTFfUXVhbnRpdHkgSW1wbGljYXR1cmVzLCBFeGhhdXN0aXZlIEludGVycHJldGF0aW9uLCBhbmQgUmF0aW9uYWwgQ29udmVyc2F0aW9uLnBkZtIcHSQloiUhXE5TRGljdGlvbmFyeRIAAYagXxAPTlNLZXllZEFyY2hpdmVyAAgAEQAWAB8AKAAyADUAOgA8AEUASwBSAF0AZQBsAG8AcQBzAHYAeAB6AHwAhgCTAJgAoANOA1ADVQNeA2kDbQN7A4IDiwQSBBcEGgQnBCwAAAAAAAACAQAAAAAAAAAoAAAAAAAAAAAAAAAAAAAEPg==}}

@article{Davidson1973:Radical-Interpr,
	Author = {Donald Davidson},
	Date-Added = {2012-05-25 10:57:32 +0000},
	Date-Modified = {2012-05-25 10:58:06 +0000},
	Journal = {Dialectica},
	Pages = {313--328},
	Title = {Radical Interpretation},
	Volume = {27},
	Year = {1973}}

@unpublished{FoxSpector:Economy-and-Emb,
	Author = {Danny Fox and Benjamin Spector},
	Date-Added = {2011-03-22 15:20:36 +0100},
	Date-Modified = {2011-03-25 12:14:45 +0100},
	Month = {May},
	Note = {Handout for a talk given at Cornell University},
	Title = {Economy and Embedded Exhaustification},
	Url = {http://web.mit.edu/linguistics/people/faculty/fox/Fox_Spector_Cornell.pdf},
	Year = {2009},
	Bdsk-File-1 = {YnBsaXN0MDDUAQIDBAUIJidUJHRvcFgkb2JqZWN0c1gkdmVyc2lvblkkYXJjaGl2ZXLRBgdUcm9vdIABqAkKFRYXGyIjVSRudWxs0wsMDQ4RFFpOUy5vYmplY3RzV05TLmtleXNWJGNsYXNzog8QgASABqISE4ACgAOAB1lhbGlhc0RhdGFccmVsYXRpdmVQYXRo0hgNGRpXTlMuZGF0YU8RAkQAAAAAAkQAAgAADE1hY2ludG9zaCBIRAAAAAAAAAAAAAAAAAAAAMarmBZIKwAAAAzdWh9Gb3hTcGVjdG9yXzIwMDlfRWNvbiM0MkY2REUucGRmAAAAAAAAAAAAAAAAAAAAAAAAAAAAAAAAAAAAAAAAAAAAQvbeybN9JQAAAAAAAAAAAAQABQAACSAAAAAAAAAAAAAAAAAAAAAKTGl0ZXJhdHVyZQAQAAgAAMare/YAAAARAAgAAMmzbxUAAAABABgADN1aAAyfUAAMgOgAB/mwAAf5pQAAkOcAAgBbTWFjaW50b3NoIEhEOlVzZXJzOgBtaWNoYToARGVza3RvcDoAZGF0YToAc3luYzoATGl0ZXJhdHVyZToARm94U3BlY3Rvcl8yMDA5X0Vjb24jNDJGNkRFLnBkZgAADgB0ADkARgBvAHgAUwBwAGUAYwB0AG8AcgBfADIAMAAwADkAXwBFAGMAbwBuAG8AbQB5ACAAYQBuAGQAIABFAG0AYgBlAGQAZABlAGQAIABFAHgAaABhAHUAcwB0AGkAZgBpAGMAYQB0AGkAbwBuAC4AcABkAGYADwAaAAwATQBhAGMAaQBuAHQAbwBzAGgAIABIAEQAEgBiVXNlcnMvbWljaGEvRGVza3RvcC9kYXRhL3N5bmMvTGl0ZXJhdHVyZS9Gb3hTcGVjdG9yXzIwMDlfRWNvbm9teSBhbmQgRW1iZWRkZWQgRXhoYXVzdGlmaWNhdGlvbi5wZGYAEwABLwAAFQACAAz//wAAgAXSHB0eH1gkY2xhc3Nlc1okY2xhc3NuYW1lox8gIV1OU011dGFibGVEYXRhVk5TRGF0YVhOU09iamVjdF8QYi4uLy4uLy4uLy4uL0Rlc2t0b3AvZGF0YS9zeW5jL0xpdGVyYXR1cmUvRm94U3BlY3Rvcl8yMDA5X0Vjb25vbXkgYW5kIEVtYmVkZGVkIEV4aGF1c3RpZmljYXRpb24ucGRm0hwdJCWiJSFcTlNEaWN0aW9uYXJ5EgABhqBfEA9OU0tleWVkQXJjaGl2ZXIACAARABYAHwAoADIANQA6ADwARQBLAFIAXQBlAGwAbwBxAHMAdgB4AHoAfACGAJMAmACgAugC6gLvAvgDAwMHAxUDHAMlA4oDjwOSA58DpAAAAAAAAAIBAAAAAAAAACgAAAAAAAAAAAAAAAAAAAO2}}

