%% This BibTeX bibliography file was created using BibDesk.
%% http://bibdesk.sourceforge.net/


%% Created for micha at 2016-03-15 13:53:59 +0100 


%% Saved with string encoding Unicode (UTF-8) 


@preamble{"\newcommand{\SortNoop}[1]{}"}



@article{DalrympleKanazawa1998:Reciprocal-Expr,
	Author = {Mary Dalrymple and Makoto Kanazawa and Yookyung Kim and Sam Mchombo and Stanley Peters},
	Date-Added = {2012-05-20 09:16:26 +0000},
	Date-Modified = {2012-05-20 09:20:15 +0000},
	Doi = {10.1023/A:1005330227480},
	Journal = {Linguistics and Philosophy},
	Keywords = {strongest meaning hypothesis},
	Number = {2},
	Pages = {159--210},
	Title = {Reciprocal Expressions and the Concept of Reciprocity},
	Volume = {21},
	Year = {1998},
	Bdsk-File-1 = {YnBsaXN0MDDUAQIDBAUGJCVYJHZlcnNpb25YJG9iamVjdHNZJGFyY2hpdmVyVCR0b3ASAAGGoKgHCBMUFRYaIVUkbnVsbNMJCgsMDxJXTlMua2V5c1pOUy5vYmplY3RzViRjbGFzc6INDoACgAOiEBGABIAFgAdccmVsYXRpdmVQYXRoWWFsaWFzRGF0YV8QaC4uL2RhdGEvc3luYy9MaXRlcmF0dXJlL0RhbHJ5bXBsZUthbmF6YXdhXzE5OThfUmVjaXByb2NhbCBFeHByZXNzaW9ucyBhbmQgdGhlIENvbmNlcHQgb2YgUmVjaXByb2NpdHkucGRm0hcLGBlXTlMuZGF0YU8RAooAAAAAAooAAgAADE1hY2ludG9zaCBIRAAAAAAAAAAAAAAAAAAAAM/URuZIKwAAAAx7tR9EYWxyeW1wbGVLYW5hemF3YV8xOTkjQzdDNUEucGRmAAAAAAAAAAAAAAAAAAAAAAAAAAAAAAAAAAAAAAAAAAAADHxay96DqQAAAAAAAAAAAAEABAAACSAAAAAAAAAAAAAAAAAAAAAKTGl0ZXJhdHVyZQAQAAgAAM/UKsYAAAARAAgAAMveZ4kAAAABABgADHu1AAx7OwALqGYACryJAAk+CAACZvkAAgBbTWFjaW50b3NoIEhEOlVzZXJzOgBtaWNoYToARGVza3RvcDoAZGF0YToAc3luYzoATGl0ZXJhdHVyZToARGFscnltcGxlS2FuYXphd2FfMTk5I0M3QzVBLnBkZgAADgCiAFAARABhAGwAcgB5AG0AcABsAGUASwBhAG4AYQB6AGEAdwBhAF8AMQA5ADkAOABfAFIAZQBjAGkAcAByAG8AYwBhAGwAIABFAHgAcAByAGUAcwBzAGkAbwBuAHMAIABhAG4AZAAgAHQAaABlACAAQwBvAG4AYwBlAHAAdAAgAG8AZgAgAFIAZQBjAGkAcAByAG8AYwBpAHQAeQAuAHAAZABmAA8AGgAMAE0AYQBjAGkAbgB0AG8AcwBoACAASABEABIAeVVzZXJzL21pY2hhL0Rlc2t0b3AvZGF0YS9zeW5jL0xpdGVyYXR1cmUvRGFscnltcGxlS2FuYXphd2FfMTk5OF9SZWNpcHJvY2FsIEV4cHJlc3Npb25zIGFuZCB0aGUgQ29uY2VwdCBvZiBSZWNpcHJvY2l0eS5wZGYAABMAAS8AABUAAgAM//8AAIAG0hscHR5aJGNsYXNzbmFtZVgkY2xhc3Nlc11OU011dGFibGVEYXRhox0fIFZOU0RhdGFYTlNPYmplY3TSGxwiI1xOU0RpY3Rpb25hcnmiIiBfEA9OU0tleWVkQXJjaGl2ZXLRJidUcm9vdIABAAgAEQAaACMALQAyADcAQABGAE0AVQBgAGcAagBsAG4AcQBzAHUAdwCEAI4A+QD+AQYDlAOWA5sDpgOvA70DwQPIA9ED1gPjA+YD+AP7BAAAAAAAAAACAQAAAAAAAAAoAAAAAAAAAAAAAAAAAAAEAg==}}

@article{CliftonDube2010:Embedded-Implic,
	Author = {Charles Clifton and Chad Dube},
	Date-Added = {2012-03-27 10:54:49 +0200},
	Date-Modified = {2012-03-27 10:56:25 +0200},
	Doi = {10.3765/sp.3.7},
	Journal = {Semantics \& Pragmatics},
	Number = {7},
	Pages = {1--13},
	Title = {Embedded Implicatures Observed: {A} Comment on {G}eurts and {P}ouscoulous (2009)},
	Volume = {3},
	Year = {2010},
	Bdsk-File-1 = {YnBsaXN0MDDUAQIDBAUGJCVYJHZlcnNpb25YJG9iamVjdHNZJGFyY2hpdmVyVCR0b3ASAAGGoKgHCBMUFRYaIVUkbnVsbNMJCgsMDxJXTlMua2V5c1pOUy5vYmplY3RzViRjbGFzc6INDoACgAOiEBGABIAFgAdccmVsYXRpdmVQYXRoWWFsaWFzRGF0YV8Qdi4uL2RhdGEvc3luYy9MaXRlcmF0dXJlL0NsaWZ0b25EdWJlXzIwMTBfRW1iZWRkZWQgSW1wbGljYXR1cmVzIE9ic2VydmVkIEEgQ29tbWVudCBvbiBHZXVydHMgYW5kIFBvdXNjb3Vsb3VzICgyMDA5KS5wZGbSFwsYGVdOUy5kYXRhTxECtAAAAAACtAACAAAMTWFjaW50b3NoIEhEAAAAAAAAAAAAAAAAAAAAz9RG5kgrAAAADHu1H0NsaWZ0b25EdWJlXzIwMTBfRW1iZSNDN0M0OC5wZGYAAAAAAAAAAAAAAAAAAAAAAAAAAAAAAAAAAAAAAAAAAAAMfEjLl0zvAAAAAAAAAAAAAQAEAAAJIAAAAAAAAAAAAAAAAAAAAApMaXRlcmF0dXJlABAACAAAz9QqxgAAABEACAAAy5cwzwAAAAEAGAAMe7UADHs7AAuoZgAKvIkACT4IAAJm+QACAFtNYWNpbnRvc2ggSEQ6VXNlcnM6AG1pY2hhOgBEZXNrdG9wOgBkYXRhOgBzeW5jOgBMaXRlcmF0dXJlOgBDbGlmdG9uRHViZV8yMDEwX0VtYmUjQzdDNDgucGRmAAAOAL4AXgBDAGwAaQBmAHQAbwBuAEQAdQBiAGUAXwAyADAAMQAwAF8ARQBtAGIAZQBkAGQAZQBkACAASQBtAHAAbABpAGMAYQB0AHUAcgBlAHMAIABPAGIAcwBlAHIAdgBlAGQAIABBACAAQwBvAG0AbQBlAG4AdAAgAG8AbgAgAEcAZQB1AHIAdABzACAAYQBuAGQAIABQAG8AdQBzAGMAbwB1AGwAbwB1AHMAIAAoADIAMAAwADkAKQAuAHAAZABmAA8AGgAMAE0AYQBjAGkAbgB0AG8AcwBoACAASABEABIAh1VzZXJzL21pY2hhL0Rlc2t0b3AvZGF0YS9zeW5jL0xpdGVyYXR1cmUvQ2xpZnRvbkR1YmVfMjAxMF9FbWJlZGRlZCBJbXBsaWNhdHVyZXMgT2JzZXJ2ZWQgQSBDb21tZW50IG9uIEdldXJ0cyBhbmQgUG91c2NvdWxvdXMgKDIwMDkpLnBkZgAAEwABLwAAFQACAAz//wAAgAbSGxwdHlokY2xhc3NuYW1lWCRjbGFzc2VzXU5TTXV0YWJsZURhdGGjHR8gVk5TRGF0YVhOU09iamVjdNIbHCIjXE5TRGljdGlvbmFyeaIiIF8QD05TS2V5ZWRBcmNoaXZlctEmJ1Ryb290gAEACAARABoAIwAtADIANwBAAEYATQBVAGAAZwBqAGwAbgBxAHMAdQB3AIQAjgEHAQwBFAPMA84D0wPeA+cD9QP5BAAECQQOBBsEHgQwBDMEOAAAAAAAAAIBAAAAAAAAACgAAAAAAAAAAAAAAAAAAAQ6}}

@article{CobrerosEgre2012:Tolerant-Classi,
	Author = {Pablo Cobreros and Paul \'{E}gr\'{e} and David Ripley and {\SortNoop{Rooij}}van Rooij, Robert},
	Date-Added = {2014-10-02 08:07:58 +0000},
	Date-Modified = {2014-10-02 08:09:20 +0000},
	Doi = {10.1007/s10992-010-9165-z},
	Journal = {Journal of Philosophical Logic},
	Number = {2},
	Pages = {347--385},
	Title = {Tolerant, Classical, Strict},
	Volume = {41},
	Year = {2012},
	Bdsk-File-1 = {YnBsaXN0MDDUAQIDBAUGJCVYJHZlcnNpb25YJG9iamVjdHNZJGFyY2hpdmVyVCR0b3ASAAGGoKgHCBMUFRYaIVUkbnVsbNMJCgsMDxJXTlMua2V5c1pOUy5vYmplY3RzViRjbGFzc6INDoACgAOiEBGABIAFgAdccmVsYXRpdmVQYXRoWWFsaWFzRGF0YV8QSS4uL2RhdGEvc3luYy9MaXRlcmF0dXJlL0NvYnJlcm9zRWdyZV8yMDEyX1RvbGVyYW50LCBDbGFzc2ljYWwsIFN0cmljdC5wZGbSFwsYGVdOUy5kYXRhTxECLAAAAAACLAACAAAMTWFjaW50b3NoIEhEAAAAAAAAAAAAAAAAAAAAz9RG5kgrAAAADHu1H0NvYnJlcm9zRWdyZV8yMDEyX1RvIzM2NjkzQy5wZGYAAAAAAAAAAAAAAAAAAAAAAAAAAAAAAAAAAAAAAAAAAAA2aTzQUtTIAAAAAAAAAAAAAQAEAAAJIAAAAAAAAAAAAAAAAAAAAApMaXRlcmF0dXJlABAACAAAz9QqxgAAABEACAAA0FK4qAAAAAEAGAAMe7UADHs7AAuoZgAKvIkACT4IAAJm+QACAFtNYWNpbnRvc2ggSEQ6VXNlcnM6AG1pY2hhOgBEZXNrdG9wOgBkYXRhOgBzeW5jOgBMaXRlcmF0dXJlOgBDb2JyZXJvc0VncmVfMjAxMl9UbyMzNjY5M0MucGRmAAAOAGQAMQBDAG8AYgByAGUAcgBvAHMARQBnAHIAZQBfADIAMAAxADIAXwBUAG8AbABlAHIAYQBuAHQALAAgAEMAbABhAHMAcwBpAGMAYQBsACwAIABTAHQAcgBpAGMAdAAuAHAAZABmAA8AGgAMAE0AYQBjAGkAbgB0AG8AcwBoACAASABEABIAWlVzZXJzL21pY2hhL0Rlc2t0b3AvZGF0YS9zeW5jL0xpdGVyYXR1cmUvQ29icmVyb3NFZ3JlXzIwMTJfVG9sZXJhbnQsIENsYXNzaWNhbCwgU3RyaWN0LnBkZgATAAEvAAAVAAIADP//AACABtIbHB0eWiRjbGFzc25hbWVYJGNsYXNzZXNdTlNNdXRhYmxlRGF0YaMdHyBWTlNEYXRhWE5TT2JqZWN00hscIiNcTlNEaWN0aW9uYXJ5oiIgXxAPTlNLZXllZEFyY2hpdmVy0SYnVHJvb3SAAQAIABEAGgAjAC0AMgA3AEAARgBNAFUAYABnAGoAbABuAHEAcwB1AHcAhACOANoA3wDnAxcDGQMeAykDMgNAA0QDSwNUA1kDZgNpA3sDfgODAAAAAAAAAgEAAAAAAAAAKAAAAAAAAAAAAAAAAAAAA4U=}}

@article{GeurtsTielvan-Tiel2013:Embedded-Scalar,
	Author = {Bart Geurts and {\SortNoop{Tiel}}{van Tiel}, Bob},
	Date-Added = {2014-01-03 06:51:36 +0000},
	Date-Modified = {2014-01-03 06:52:52 +0000},
	Doi = {10.3765/sp.6.9},
	Journal = {Semantics \& Pragmatics},
	Number = {9},
	Pages = {1--37},
	Title = {Embedded Scalars},
	Volume = {6},
	Year = {2013},
	Bdsk-File-1 = {YnBsaXN0MDDUAQIDBAUGJCVYJHZlcnNpb25YJG9iamVjdHNZJGFyY2hpdmVyVCR0b3ASAAGGoKgHCBMUFRYaIVUkbnVsbNMJCgsMDxJXTlMua2V5c1pOUy5vYmplY3RzViRjbGFzc6INDoACgAOiEBGABIAFgAdccmVsYXRpdmVQYXRoWWFsaWFzRGF0YV8QRC4uL2RhdGEvc3luYy9MaXRlcmF0dXJlL0dldXJ0c1RpZWx2YW4gVGllbF8yMDEzX0VtYmVkZGVkIFNjYWxhcnMucGRm0hcLGBlXTlMuZGF0YU8RAh4AAAAAAh4AAgAADE1hY2ludG9zaCBIRAAAAAAAAAAAAAAAAAAAAM/URuZIKwAAAAx7tR9HZXVydHNUaWVsdmFuIFRpZWxfMjAjQzdDQ0MucGRmAAAAAAAAAAAAAAAAAAAAAAAAAAAAAAAAAAAAAAAAAAAADHzMz7x0LgAAAAAAAAAAAAEABAAACSAAAAAAAAAAAAAAAAAAAAAKTGl0ZXJhdHVyZQAQAAgAAM/UKsYAAAARAAgAAM+8WA4AAAABABgADHu1AAx7OwALqGYACryJAAk+CAACZvkAAgBbTWFjaW50b3NoIEhEOlVzZXJzOgBtaWNoYToARGVza3RvcDoAZGF0YToAc3luYzoATGl0ZXJhdHVyZToAR2V1cnRzVGllbHZhbiBUaWVsXzIwI0M3Q0NDLnBkZgAADgBaACwARwBlAHUAcgB0AHMAVABpAGUAbAB2AGEAbgAgAFQAaQBlAGwAXwAyADAAMQAzAF8ARQBtAGIAZQBkAGQAZQBkACAAUwBjAGEAbABhAHIAcwAuAHAAZABmAA8AGgAMAE0AYQBjAGkAbgB0AG8AcwBoACAASABEABIAVVVzZXJzL21pY2hhL0Rlc2t0b3AvZGF0YS9zeW5jL0xpdGVyYXR1cmUvR2V1cnRzVGllbHZhbiBUaWVsXzIwMTNfRW1iZWRkZWQgU2NhbGFycy5wZGYAABMAAS8AABUAAgAM//8AAIAG0hscHR5aJGNsYXNzbmFtZVgkY2xhc3Nlc11OU011dGFibGVEYXRhox0fIFZOU0RhdGFYTlNPYmplY3TSGxwiI1xOU0RpY3Rpb25hcnmiIiBfEA9OU0tleWVkQXJjaGl2ZXLRJidUcm9vdIABAAgAEQAaACMALQAyADcAQABGAE0AVQBgAGcAagBsAG4AcQBzAHUAdwCEAI4A1QDaAOIDBAMGAwsDFgMfAy0DMQM4A0EDRgNTA1YDaANrA3AAAAAAAAACAQAAAAAAAAAoAAAAAAAAAAAAAAAAAAADcg==}}

@article{Fodor98,
	Author = {Janet Dean Fodor},
	Journal = {Journal of Psycholinguistic Research},
	Keywords = {silent prosody},
	Number = {2},
	Pages = {285--319},
	Title = {Learning to Parse},
	Volume = {27},
	Year = {1998}}

@incollection{KoniecznyHemforth2000,
	Address = {Amsterdam},
	Author = {L. Konieczny and B. Hemforth},
	Booktitle = {Reading as a perceptual process},
	Editor = {A. Kennedy and R. Radach and D. Heller and J. Pynte},
	Pages = {517-528},
	Publisher = {Elsevier},
	Title = {Modifier attachment inGerman: Relative clauses and prepositional phrases.},
	Year = {2000}}

@book{Crain1998,
	Address = {Cambridge, MA},
	Author = {Crain, S. and R. Thornton},
	Owner = {obxfs01},
	Publisher = {The MIT Press},
	Timestamp = {2012.07.09},
	Title = {Investigations in Universal Grammar: A Guide to Experiments in the Acquisition of Syntax and Semantics},
	Year = {1998}}

@article{Russell2006:Against-Grammat,
	Author = {Benjamin Russell},
	Date-Added = {2009-01-06 11:03:41 +0100},
	Date-Modified = {2011-01-24 22:28:34 +0100},
	Doi = {10.1093/jos/ffl008},
	Journal = {Journal of Semantics},
	Local-Url = {file://localhost/Users/micha/Desktop/data/sync/Literature/Russell_2006_Against%20Grammatical%20Computation%20of%20Scalar%20Implicatures.pdf},
	Number = {361--382},
	Title = {Against Grammatical Computation of Scalar Implicatures},
	Volume = {23},
	Year = {2006},
	Bdsk-File-1 = {YnBsaXN0MDDUAQIDBAUGJCVYJHZlcnNpb25YJG9iamVjdHNZJGFyY2hpdmVyVCR0b3ASAAGGoKgHCBMUFRYaIVUkbnVsbNMJCgsMDxJXTlMua2V5c1pOUy5vYmplY3RzViRjbGFzc6INDoACgAOiEBGABIAFgAdccmVsYXRpdmVQYXRoWWFsaWFzRGF0YV8QXy4uL2RhdGEvc3luYy9MaXRlcmF0dXJlL1J1c3NlbGxfMjAwNl9BZ2FpbnN0IEdyYW1tYXRpY2FsIENvbXB1dGF0aW9uIG9mIFNjYWxhciBJbXBsaWNhdHVyZXMucGRm0hcLGBlXTlMuZGF0YU8RAm4AAAAAAm4AAgAADE1hY2ludG9zaCBIRAAAAAAAAAAAAAAAAAAAAM/URuZIKwAAAAx7tR9SdXNzZWxsXzIwMDZfQWdhaW5zdCAjQzdGNzcucGRmAAAAAAAAAAAAAAAAAAAAAAAAAAAAAAAAAAAAAAAAAAAADH93xZEqtgAAAAAAAAAAAAEABAAACSAAAAAAAAAAAAAAAAAAAAAKTGl0ZXJhdHVyZQAQAAgAAM/UKsYAAAARAAgAAMWRHKYAAAABABgADHu1AAx7OwALqGYACryJAAk+CAACZvkAAgBbTWFjaW50b3NoIEhEOlVzZXJzOgBtaWNoYToARGVza3RvcDoAZGF0YToAc3luYzoATGl0ZXJhdHVyZToAUnVzc2VsbF8yMDA2X0FnYWluc3QgI0M3Rjc3LnBkZgAADgCQAEcAUgB1AHMAcwBlAGwAbABfADIAMAAwADYAXwBBAGcAYQBpAG4AcwB0ACAARwByAGEAbQBtAGEAdABpAGMAYQBsACAAQwBvAG0AcAB1AHQAYQB0AGkAbwBuACAAbwBmACAAUwBjAGEAbABhAHIAIABJAG0AcABsAGkAYwBhAHQAdQByAGUAcwAuAHAAZABmAA8AGgAMAE0AYQBjAGkAbgB0AG8AcwBoACAASABEABIAcFVzZXJzL21pY2hhL0Rlc2t0b3AvZGF0YS9zeW5jL0xpdGVyYXR1cmUvUnVzc2VsbF8yMDA2X0FnYWluc3QgR3JhbW1hdGljYWwgQ29tcHV0YXRpb24gb2YgU2NhbGFyIEltcGxpY2F0dXJlcy5wZGYAEwABLwAAFQACAAz//wAAgAbSGxwdHlokY2xhc3NuYW1lWCRjbGFzc2VzXU5TTXV0YWJsZURhdGGjHR8gVk5TRGF0YVhOU09iamVjdNIbHCIjXE5TRGljdGlvbmFyeaIiIF8QD05TS2V5ZWRBcmNoaXZlctEmJ1Ryb290gAEACAARABoAIwAtADIANwBAAEYATQBVAGAAZwBqAGwAbgBxAHMAdQB3AIQAjgDwAPUA/QNvA3EDdgOBA4oDmAOcA6MDrAOxA74DwQPTA9YD2wAAAAAAAAIBAAAAAAAAACgAAAAAAAAAAAAAAAAAAAPd}}

@article{Sauerland2010:Embedded-Implic,
	Author = {Uli Sauerland},
	Date-Added = {2012-05-23 14:56:18 +0000},
	Date-Modified = {2012-05-23 14:59:03 +0000},
	Doi = {10.3765/sp.3.2},
	Journal = {Semantics \& Pragmatics},
	Number = {2},
	Pages = {1--13},
	Title = {Embedded Implicatures and Experimental Constraints: {A} Reply to Geurts \& Pouscoulous and Chemla},
	Volume = {3},
	Year = {2010},
	Bdsk-File-1 = {YnBsaXN0MDDUAQIDBAUGJCVYJHZlcnNpb25YJG9iamVjdHNZJGFyY2hpdmVyVCR0b3ASAAGGoKgHCBMUFRYaIVUkbnVsbNMJCgsMDxJXTlMua2V5c1pOUy5vYmplY3RzViRjbGFzc6INDoACgAOiEBGABIAFgAdccmVsYXRpdmVQYXRoWWFsaWFzRGF0YV8Qfi4uL2RhdGEvc3luYy9MaXRlcmF0dXJlL1NhdWVybGFuZF8yMDEwX0VtYmVkZGVkIEltcGxpY2F0dXJlcyBhbmQgRXhwZXJpbWVudGFsIENvbnN0cmFpbnRzIEEgUmVwbHkgdG8gR2V1cnRzIFwmIFBvdXNjb3Vsb3VzLnBkZtIXCxgZV05TLmRhdGFPEQLMAAAAAALMAAIAAAxNYWNpbnRvc2ggSEQAAAAAAAAAAAAAAAAAAADP1EbmSCsAAAAMe7UfU2F1ZXJsYW5kXzIwMTBfRW1iZWRkI0M3RjgyLnBkZgAAAAAAAAAAAAAAAAAAAAAAAAAAAAAAAAAAAAAAAAAAAAx/gsvix2gAAAAAAAAAAAABAAQAAAkgAAAAAAAAAAAAAAAAAAAACkxpdGVyYXR1cmUAEAAIAADP1CrGAAAAEQAIAADL4qtIAAAAAQAYAAx7tQAMezsAC6hmAAq8iQAJPggAAmb5AAIAW01hY2ludG9zaCBIRDpVc2VyczoAbWljaGE6AERlc2t0b3A6AGRhdGE6AHN5bmM6AExpdGVyYXR1cmU6AFNhdWVybGFuZF8yMDEwX0VtYmVkZCNDN0Y4Mi5wZGYAAA4AzgBmAFMAYQB1AGUAcgBsAGEAbgBkAF8AMgAwADEAMABfAEUAbQBiAGUAZABkAGUAZAAgAEkAbQBwAGwAaQBjAGEAdAB1AHIAZQBzACAAYQBuAGQAIABFAHgAcABlAHIAaQBtAGUAbgB0AGEAbAAgAEMAbwBuAHMAdAByAGEAaQBuAHQAcwAgAEEAIABSAGUAcABsAHkAIAB0AG8AIABHAGUAdQByAHQAcwAgAFwAJgAgAFAAbwB1AHMAYwBvAHUAbABvAHUAcwAuAHAAZABmAA8AGgAMAE0AYQBjAGkAbgB0AG8AcwBoACAASABEABIAj1VzZXJzL21pY2hhL0Rlc2t0b3AvZGF0YS9zeW5jL0xpdGVyYXR1cmUvU2F1ZXJsYW5kXzIwMTBfRW1iZWRkZWQgSW1wbGljYXR1cmVzIGFuZCBFeHBlcmltZW50YWwgQ29uc3RyYWludHMgQSBSZXBseSB0byBHZXVydHMgXCYgUG91c2NvdWxvdXMucGRmAAATAAEvAAAVAAIADP//AACABtIbHB0eWiRjbGFzc25hbWVYJGNsYXNzZXNdTlNNdXRhYmxlRGF0YaMdHyBWTlNEYXRhWE5TT2JqZWN00hscIiNcTlNEaWN0aW9uYXJ5oiIgXxAPTlNLZXllZEFyY2hpdmVy0SYnVHJvb3SAAQAIABEAGgAjAC0AMgA3AEAARgBNAFUAYABnAGoAbABuAHEAcwB1AHcAhACOAQ8BFAEcA+wD7gPzA/4EBwQVBBkEIAQpBC4EOwQ+BFAEUwRYAAAAAAAAAgEAAAAAAAAAKAAAAAAAAAAAAAAAAAAABFo=}}

@article{Stechowvon-StechowZimmermann1984:Term-Answers-an,
	Author = {{\SortNoop{Stechow}}von Stechow, Arnim and Thomas Ede Zimmermann},
	Date-Added = {2010-09-13 11:39:43 +0200},
	Date-Modified = {2011-01-24 18:10:47 +0100},
	Doi = {doi:10.1515/ling.1984.22.1.3},
	Journal = {Linguistics},
	Number = {1},
	Pages = {3--40},
	Title = {Term Answers and Contextual Change},
	Volume = {22},
	Year = {1984},
	Bdsk-Url-1 = {http://dx.doi.org/10.1515/ling.1984.22.1.3}}

@phdthesis{GroenendijkStokhofThesis1984,
	Author = {Jeroen Groenendijk and Martin Stokhof},
	Date-Modified = {2011-10-11 09:26:50 +0200},
	Local-Url = {file://localhost/Users/micha/Desktop/data/sync/Literature/GroenendijkStokhof_1984_Studies%20in%20the%20Semantics%20of%20Questions%20and%20the%20Pragmatics%20of%20Answers.pdf},
	School = {Universiteit van Amsterdam},
	Title = {Studies in the Semantics of Questions and the Pragmatics of Answers},
	Year = {1984},
	Bdsk-File-1 = {YnBsaXN0MDDUAQIDBAUGJCVYJHZlcnNpb25YJG9iamVjdHNZJGFyY2hpdmVyVCR0b3ASAAGGoKgHCBMUFRYaIVUkbnVsbNMJCgsMDxJXTlMua2V5c1pOUy5vYmplY3RzViRjbGFzc6INDoACgAOiEBGABIAFgAdccmVsYXRpdmVQYXRoWWFsaWFzRGF0YV8Qdy4uL2RhdGEvc3luYy9MaXRlcmF0dXJlL0dyb2VuZW5kaWprU3Rva2hvZl8xOTg0X1N0dWRpZXMgaW4gdGhlIFNlbWFudGljcyBvZiBRdWVzdGlvbnMgYW5kIHRoZSBQcmFnbWF0aWNzIG9mIEFuc3dlcnMucGRm0hcLGBlXTlMuZGF0YU8RArYAAAAAArYAAgAADE1hY2ludG9zaCBIRAAAAAAAAAAAAAAAAAAAAM/URuZIKwAAAAx7tR9Hcm9lbmVuZGlqa1N0b2tob2ZfMTkjQzdDRjgucGRmAAAAAAAAAAAAAAAAAAAAAAAAAAAAAAAAAAAAAAAAAAAADHz4xa30cgAAAAAAAAAAAAEABAAACSAAAAAAAAAAAAAAAAAAAAAKTGl0ZXJhdHVyZQAQAAgAAM/UKsYAAAARAAgAAMWt5mIAAAABABgADHu1AAx7OwALqGYACryJAAk+CAACZvkAAgBbTWFjaW50b3NoIEhEOlVzZXJzOgBtaWNoYToARGVza3RvcDoAZGF0YToAc3luYzoATGl0ZXJhdHVyZToAR3JvZW5lbmRpamtTdG9raG9mXzE5I0M3Q0Y4LnBkZgAADgDAAF8ARwByAG8AZQBuAGUAbgBkAGkAagBrAFMAdABvAGsAaABvAGYAXwAxADkAOAA0AF8AUwB0AHUAZABpAGUAcwAgAGkAbgAgAHQAaABlACAAUwBlAG0AYQBuAHQAaQBjAHMAIABvAGYAIABRAHUAZQBzAHQAaQBvAG4AcwAgAGEAbgBkACAAdABoAGUAIABQAHIAYQBnAG0AYQB0AGkAYwBzACAAbwBmACAAQQBuAHMAdwBlAHIAcwAuAHAAZABmAA8AGgAMAE0AYQBjAGkAbgB0AG8AcwBoACAASABEABIAiFVzZXJzL21pY2hhL0Rlc2t0b3AvZGF0YS9zeW5jL0xpdGVyYXR1cmUvR3JvZW5lbmRpamtTdG9raG9mXzE5ODRfU3R1ZGllcyBpbiB0aGUgU2VtYW50aWNzIG9mIFF1ZXN0aW9ucyBhbmQgdGhlIFByYWdtYXRpY3Mgb2YgQW5zd2Vycy5wZGYAEwABLwAAFQACAAz//wAAgAbSGxwdHlokY2xhc3NuYW1lWCRjbGFzc2VzXU5TTXV0YWJsZURhdGGjHR8gVk5TRGF0YVhOU09iamVjdNIbHCIjXE5TRGljdGlvbmFyeaIiIF8QD05TS2V5ZWRBcmNoaXZlctEmJ1Ryb290gAEACAARABoAIwAtADIANwBAAEYATQBVAGAAZwBqAGwAbgBxAHMAdQB3AIQAjgEIAQ0BFQPPA9ED1gPhA+oD+AP8BAMEDAQRBB4EIQQzBDYEOwAAAAAAAAIBAAAAAAAAACgAAAAAAAAAAAAAAAAAAAQ9},
	Bdsk-File-2 = {YnBsaXN0MDDUAQIDBAUGJCVYJHZlcnNpb25YJG9iamVjdHNZJGFyY2hpdmVyVCR0b3ASAAGGoKgHCBMUFRYaIVUkbnVsbNMJCgsMDxJXTlMua2V5c1pOUy5vYmplY3RzViRjbGFzc6INDoACgAOiEBGABIAFgAdccmVsYXRpdmVQYXRoWWFsaWFzRGF0YV8QeC4uL2RhdGEvc3luYy9MaXRlcmF0dXJlL0dyb2VuZW5kaWprU3Rva2hvZl8xOTg0X1N0dWRpZXMgaW4gdGhlIFNlbWFudGljcyBvZiBRdWVzdGlvbnMgYW5kIHRoZSBQcmFnbWF0aWNzIG9mIEFuc3dlcnNhLnBkZtIXCxgZV05TLmRhdGFPEQK6AAAAAAK6AAIAAAxNYWNpbnRvc2ggSEQAAAAAAAAAAAAAAAAAAADP1EbmSCsAAAAMe7UfR3JvZW5lbmRpamtTdG9raG9mXzE5I0M3Q0ZCLnBkZgAAAAAAAAAAAAAAAAAAAAAAAAAAAAAAAAAAAAAAAAAAAAx8+8Wt9HMAAAAAAAAAAAABAAQAAAkgAAAAAAAAAAAAAAAAAAAACkxpdGVyYXR1cmUAEAAIAADP1CrGAAAAEQAIAADFreZjAAAAAQAYAAx7tQAMezsAC6hmAAq8iQAJPggAAmb5AAIAW01hY2ludG9zaCBIRDpVc2VyczoAbWljaGE6AERlc2t0b3A6AGRhdGE6AHN5bmM6AExpdGVyYXR1cmU6AEdyb2VuZW5kaWprU3Rva2hvZl8xOSNDN0NGQi5wZGYAAA4AwgBgAEcAcgBvAGUAbgBlAG4AZABpAGoAawBTAHQAbwBrAGgAbwBmAF8AMQA5ADgANABfAFMAdAB1AGQAaQBlAHMAIABpAG4AIAB0AGgAZQAgAFMAZQBtAGEAbgB0AGkAYwBzACAAbwBmACAAUQB1AGUAcwB0AGkAbwBuAHMAIABhAG4AZAAgAHQAaABlACAAUAByAGEAZwBtAGEAdABpAGMAcwAgAG8AZgAgAEEAbgBzAHcAZQByAHMAYQAuAHAAZABmAA8AGgAMAE0AYQBjAGkAbgB0AG8AcwBoACAASABEABIAiVVzZXJzL21pY2hhL0Rlc2t0b3AvZGF0YS9zeW5jL0xpdGVyYXR1cmUvR3JvZW5lbmRpamtTdG9raG9mXzE5ODRfU3R1ZGllcyBpbiB0aGUgU2VtYW50aWNzIG9mIFF1ZXN0aW9ucyBhbmQgdGhlIFByYWdtYXRpY3Mgb2YgQW5zd2Vyc2EucGRmAAATAAEvAAAVAAIADP//AACABtIbHB0eWiRjbGFzc25hbWVYJGNsYXNzZXNdTlNNdXRhYmxlRGF0YaMdHyBWTlNEYXRhWE5TT2JqZWN00hscIiNcTlNEaWN0aW9uYXJ5oiIgXxAPTlNLZXllZEFyY2hpdmVy0SYnVHJvb3SAAQAIABEAGgAjAC0AMgA3AEAARgBNAFUAYABnAGoAbABuAHEAcwB1AHcAhACOAQkBDgEWA9QD1gPbA+YD7wP9BAEECAQRBBYEIwQmBDgEOwRAAAAAAAAAAgEAAAAAAAAAKAAAAAAAAAAAAAAAAAAABEI=}}

@book{Sudhoff10,
	Address = {Amsterdam},
	Author = {Stefan Sudhoff},
	Publisher = {Benjamins},
	Title = {Focus Particles in German: Syntax, Prosody, and Information Structure.},
	Year = {2010}}

@article{GoodmanStuhlmuller2013:Knowledge-and-I,
	Author = {Noah D. Goodman and Andreas Stuhlm\"{u}ller},
	Date-Added = {2013-02-21 05:51:00 +0000},
	Date-Modified = {2013-02-21 05:52:50 +0000},
	Doi = {10.1111/tops.12007},
	Journal = {Topics in Cognitive Science},
	Keywords = {Bayesian model, rational speech-act model, scalar implicatures, probability},
	Pages = {173--184},
	Title = {Knowledge and Implicature: {M}odeling Lanuage Understanding as Social Cognition},
	Volume = {5},
	Year = {2013},
	Bdsk-File-1 = {YnBsaXN0MDDUAQIDBAUGJCVYJHZlcnNpb25YJG9iamVjdHNZJGFyY2hpdmVyVCR0b3ASAAGGoKgHCBMUFRYaIVUkbnVsbNMJCgsMDxJXTlMua2V5c1pOUy5vYmplY3RzViRjbGFzc6INDoACgAOiEBGABIAFgAdccmVsYXRpdmVQYXRoWWFsaWFzRGF0YV8QgC4uL2RhdGEvc3luYy9MaXRlcmF0dXJlL0dvb2RtYW5TdHVobG11bGxlcl8yMDEzX0tub3dsZWRnZSBhbmQgSW1wbGljYXR1cmUgTW9kZWxpbmcgTGFudWFnZSBVbmRlcnN0YW5kaW5nIGFzIFNvY2lhbCBDb2duaXRpb24ucGRm0hcLGBlXTlMuZGF0YU8RAtIAAAAAAtIAAgAADE1hY2ludG9zaCBIRAAAAAAAAAAAAAAAAAAAAM/URuZIKwAAAAx7tR9Hb29kbWFuU3R1aGxtdWxsZXJfMjAjQzdDRUMucGRmAAAAAAAAAAAAAAAAAAAAAAAAAAAAAAAAAAAAAAAAAAAADHzszjuPlQAAAAAAAAAAAAEABAAACSAAAAAAAAAAAAAAAAAAAAAKTGl0ZXJhdHVyZQAQAAgAAM/UKsYAAAARAAgAAM47c3UAAAABABgADHu1AAx7OwALqGYACryJAAk+CAACZvkAAgBbTWFjaW50b3NoIEhEOlVzZXJzOgBtaWNoYToARGVza3RvcDoAZGF0YToAc3luYzoATGl0ZXJhdHVyZToAR29vZG1hblN0dWhsbXVsbGVyXzIwI0M3Q0VDLnBkZgAADgDSAGgARwBvAG8AZABtAGEAbgBTAHQAdQBoAGwAbQB1AGwAbABlAHIAXwAyADAAMQAzAF8ASwBuAG8AdwBsAGUAZABnAGUAIABhAG4AZAAgAEkAbQBwAGwAaQBjAGEAdAB1AHIAZQAgAE0AbwBkAGUAbABpAG4AZwAgAEwAYQBuAHUAYQBnAGUAIABVAG4AZABlAHIAcwB0AGEAbgBkAGkAbgBnACAAYQBzACAAUwBvAGMAaQBhAGwAIABDAG8AZwBuAGkAdABpAG8AbgAuAHAAZABmAA8AGgAMAE0AYQBjAGkAbgB0AG8AcwBoACAASABEABIAkVVzZXJzL21pY2hhL0Rlc2t0b3AvZGF0YS9zeW5jL0xpdGVyYXR1cmUvR29vZG1hblN0dWhsbXVsbGVyXzIwMTNfS25vd2xlZGdlIGFuZCBJbXBsaWNhdHVyZSBNb2RlbGluZyBMYW51YWdlIFVuZGVyc3RhbmRpbmcgYXMgU29jaWFsIENvZ25pdGlvbi5wZGYAABMAAS8AABUAAgAM//8AAIAG0hscHR5aJGNsYXNzbmFtZVgkY2xhc3Nlc11OU011dGFibGVEYXRhox0fIFZOU0RhdGFYTlNPYmplY3TSGxwiI1xOU0RpY3Rpb25hcnmiIiBfEA9OU0tleWVkQXJjaGl2ZXLRJidUcm9vdIABAAgAEQAaACMALQAyADcAQABGAE0AVQBgAGcAagBsAG4AcQBzAHUAdwCEAI4BEQEWAR4D9AP2A/sEBgQPBB0EIQQoBDEENgRDBEYEWARbBGAAAAAAAAACAQAAAAAAAAAoAAAAAAAAAAAAAAAAAAAEYg==}}

@article{NeysDe-NeysSchaeken2007:When-People-Are,
	Author = {{\SortNoop{Neys}}{De Neys}, Wim and Walter Schaeken},
	Date-Added = {2010-11-19 17:28:53 +0100},
	Date-Modified = {2010-11-19 17:30:38 +0100},
	Journal = {Experimental Psychology},
	Number = {2},
	Pages = {128--133},
	Title = {When People Are More Logical Under Cognitive Load: {D}ual Task Impact on Scalar Implicature},
	Volume = {54},
	Year = {2007},
	Bdsk-File-1 = {YnBsaXN0MDDUAQIDBAUGJCVYJHZlcnNpb25YJG9iamVjdHNZJGFyY2hpdmVyVCR0b3ASAAGGoKgHCBMUFRYaIVUkbnVsbNMJCgsMDxJXTlMua2V5c1pOUy5vYmplY3RzViRjbGFzc6INDoACgAOiEBGABIAFgAdccmVsYXRpdmVQYXRoWWFsaWFzRGF0YV8QZi4uL2RhdGEvc3luYy9MaXRlcmF0dXJlL05leXNEZSBOZXlzU2NoYWVrZW5fMjAwN19XaGVuIFBlb3BsZSBBcmUgTW9yZSBMb2dpY2FsIFVuZGVyIENvZ25pdGl2ZSBMb2FkLnBkZtIXCxgZV05TLmRhdGFPEQKEAAAAAAKEAAIAAAxNYWNpbnRvc2ggSEQAAAAAAAAAAAAAAAAAAADP1EbmSCsAAAAMe7UfTmV5c0RlIE5leXNTY2hhZWtlbl8yI0M3REY5LnBkZgAAAAAAAAAAAAAAAAAAAAAAAAAAAAAAAAAAAAAAAAAAAAx9+ckPWR0AAAAAAAAAAAABAAQAAAkgAAAAAAAAAAAAAAAAAAAACkxpdGVyYXR1cmUAEAAIAADP1CrGAAAAEQAIAADJD0sNAAAAAQAYAAx7tQAMezsAC6hmAAq8iQAJPggAAmb5AAIAW01hY2ludG9zaCBIRDpVc2VyczoAbWljaGE6AERlc2t0b3A6AGRhdGE6AHN5bmM6AExpdGVyYXR1cmU6AE5leXNEZSBOZXlzU2NoYWVrZW5fMiNDN0RGOS5wZGYAAA4AngBOAE4AZQB5AHMARABlACAATgBlAHkAcwBTAGMAaABhAGUAawBlAG4AXwAyADAAMAA3AF8AVwBoAGUAbgAgAFAAZQBvAHAAbABlACAAQQByAGUAIABNAG8AcgBlACAATABvAGcAaQBjAGEAbAAgAFUAbgBkAGUAcgAgAEMAbwBnAG4AaQB0AGkAdgBlACAATABvAGEAZAAuAHAAZABmAA8AGgAMAE0AYQBjAGkAbgB0AG8AcwBoACAASABEABIAd1VzZXJzL21pY2hhL0Rlc2t0b3AvZGF0YS9zeW5jL0xpdGVyYXR1cmUvTmV5c0RlIE5leXNTY2hhZWtlbl8yMDA3X1doZW4gUGVvcGxlIEFyZSBNb3JlIExvZ2ljYWwgVW5kZXIgQ29nbml0aXZlIExvYWQucGRmAAATAAEvAAAVAAIADP//AACABtIbHB0eWiRjbGFzc25hbWVYJGNsYXNzZXNdTlNNdXRhYmxlRGF0YaMdHyBWTlNEYXRhWE5TT2JqZWN00hscIiNcTlNEaWN0aW9uYXJ5oiIgXxAPTlNLZXllZEFyY2hpdmVy0SYnVHJvb3SAAQAIABEAGgAjAC0AMgA3AEAARgBNAFUAYABnAGoAbABuAHEAcwB1AHcAhACOAPcA/AEEA4wDjgOTA54DpwO1A7kDwAPJA84D2wPeA/AD8wP4AAAAAAAAAgEAAAAAAAAAKAAAAAAAAAAAAAAAAAAAA/o=}}

@article{Cummins2014:Typicality-made,
	Author = {Chris Cummins},
	Date-Added = {2014-01-03 06:41:43 +0000},
	Date-Modified = {2014-08-29 09:43:10 +0000},
	Doi = {10.3765/sp.7.8},
	Journal = {Semantics \& Pragmatics},
	Pages = {1--15},
	Title = {Typicality made familiar: {A} commentary on {G}eurts and van {T}iel (2013)},
	Volume = {7},
	Year = {2014},
	Bdsk-File-1 = {YnBsaXN0MDDUAQIDBAUGJCVYJHZlcnNpb25YJG9iamVjdHNZJGFyY2hpdmVyVCR0b3ASAAGGoKgHCBMUFRYaIVUkbnVsbNMJCgsMDxJXTlMua2V5c1pOUy5vYmplY3RzViRjbGFzc6INDoACgAOiEBGABIAFgAdccmVsYXRpdmVQYXRoWWFsaWFzRGF0YV8QbC4uL2RhdGEvc3luYy9MaXRlcmF0dXJlL0N1bW1pbnNfMjAxNF9UeXBpY2FsaXR5IG1hZGUgZmFtaWxpYXIgQSBjb21tZW50YXJ5IG9uIEdldXJ0cyBhbmQgdmFuIFRpZWwgKDIwMTMpLnBkZtIXCxgZV05TLmRhdGFPEQKWAAAAAAKWAAIAAAxNYWNpbnRvc2ggSEQAAAAAAAAAAAAAAAAAAADP1EbmSCsAAAAMe7UfQ3VtbWluc18yMDE0X1R5cGljYWwjMjFFMjRGLnBkZgAAAAAAAAAAAAAAAAAAAAAAAAAAAAAAAAAAAAAAAAAAACHiT9AmF64AAAAAAAAAAAABAAQAAAkgAAAAAAAAAAAAAAAAAAAACkxpdGVyYXR1cmUAEAAIAADP1CrGAAAAEQAIAADQJfuOAAAAAQAYAAx7tQAMezsAC6hmAAq8iQAJPggAAmb5AAIAW01hY2ludG9zaCBIRDpVc2VyczoAbWljaGE6AERlc2t0b3A6AGRhdGE6AHN5bmM6AExpdGVyYXR1cmU6AEN1bW1pbnNfMjAxNF9UeXBpY2FsIzIxRTI0Ri5wZGYAAA4AqgBUAEMAdQBtAG0AaQBuAHMAXwAyADAAMQA0AF8AVAB5AHAAaQBjAGEAbABpAHQAeQAgAG0AYQBkAGUAIABmAGEAbQBpAGwAaQBhAHIAIABBACAAYwBvAG0AbQBlAG4AdABhAHIAeQAgAG8AbgAgAEcAZQB1AHIAdABzACAAYQBuAGQAIAB2AGEAbgAgAFQAaQBlAGwAIAAoADIAMAAxADMAKQAuAHAAZABmAA8AGgAMAE0AYQBjAGkAbgB0AG8AcwBoACAASABEABIAfVVzZXJzL21pY2hhL0Rlc2t0b3AvZGF0YS9zeW5jL0xpdGVyYXR1cmUvQ3VtbWluc18yMDE0X1R5cGljYWxpdHkgbWFkZSBmYW1pbGlhciBBIGNvbW1lbnRhcnkgb24gR2V1cnRzIGFuZCB2YW4gVGllbCAoMjAxMykucGRmAAATAAEvAAAVAAIADP//AACABtIbHB0eWiRjbGFzc25hbWVYJGNsYXNzZXNdTlNNdXRhYmxlRGF0YaMdHyBWTlNEYXRhWE5TT2JqZWN00hscIiNcTlNEaWN0aW9uYXJ5oiIgXxAPTlNLZXllZEFyY2hpdmVy0SYnVHJvb3SAAQAIABEAGgAjAC0AMgA3AEAARgBNAFUAYABnAGoAbABuAHEAcwB1AHcAhACOAP0BAgEKA6QDpgOrA7YDvwPNA9ED2APhA+YD8wP2BAgECwQQAAAAAAAAAgEAAAAAAAAAKAAAAAAAAAAAAAAAAAAABBI=}}

@incollection{Fox2007:Free-Choice-and,
	Address = {Hampshire},
	Author = {Danny Fox},
	Booktitle = {Presupposition and Implicature in Compositional Semantics},
	Date-Added = {2007-08-27 16:01:20 +0200},
	Date-Modified = {2010-08-26 14:26:06 +0200},
	Editor = {Uli Sauerland and Penka Stateva},
	Local-Url = {file://localhost/Users/micha/Desktop/data/sync/Literature/Fox_2006_Free%20Choice%20and%20the%20theory%20of%20Scalar%20Implicatures.pdf},
	Pages = {71--120},
	Publisher = {Palgrave MacMillan},
	Title = {Free Choice and the Theory of Scalar Implicatures},
	Year = {2007},
	Bdsk-File-1 = {YnBsaXN0MDDUAQIDBAUGJCVYJHZlcnNpb25YJG9iamVjdHNZJGFyY2hpdmVyVCR0b3ASAAGGoKgHCBMUFRYaIVUkbnVsbNMJCgsMDxJXTlMua2V5c1pOUy5vYmplY3RzViRjbGFzc6INDoACgAOiEBGABIAFgAdccmVsYXRpdmVQYXRoWWFsaWFzRGF0YV8QVi4uL2RhdGEvc3luYy9MaXRlcmF0dXJlL0ZveF8yMDA2X0ZyZWUgQ2hvaWNlIGFuZCB0aGUgdGhlb3J5IG9mIFNjYWxhciBJbXBsaWNhdHVyZXMucGRm0hcLGBlXTlMuZGF0YU8RAlQAAAAAAlQAAgAADE1hY2ludG9zaCBIRAAAAAAAAAAAAAAAAAAAAM/URuZIKwAAAAx7tR9Gb3hfMjAwNl9GcmVlIENob2ljZSNENEU0REYucGRmAAAAAAAAAAAAAAAAAAAAAAAAAAAAAAAAAAAAAAAAAAAA1OTfAAAAAAAAAAAAAAAAAAEABAAACSAAAAAAAAAAAAAAAAAAAAAKTGl0ZXJhdHVyZQAQAAgAAM/UKsYAAAARAAgAAAAAAAAAAAABABgADHu1AAx7OwALqGYACryJAAk+CAACZvkAAgBbTWFjaW50b3NoIEhEOlVzZXJzOgBtaWNoYToARGVza3RvcDoAZGF0YToAc3luYzoATGl0ZXJhdHVyZToARm94XzIwMDZfRnJlZSBDaG9pY2UjRDRFNERGLnBkZgAADgB+AD4ARgBvAHgAXwAyADAAMAA2AF8ARgByAGUAZQAgAEMAaABvAGkAYwBlACAAYQBuAGQAIAB0AGgAZQAgAHQAaABlAG8AcgB5ACAAbwBmACAAUwBjAGEAbABhAHIAIABJAG0AcABsAGkAYwBhAHQAdQByAGUAcwAuAHAAZABmAA8AGgAMAE0AYQBjAGkAbgB0AG8AcwBoACAASABEABIAZ1VzZXJzL21pY2hhL0Rlc2t0b3AvZGF0YS9zeW5jL0xpdGVyYXR1cmUvRm94XzIwMDZfRnJlZSBDaG9pY2UgYW5kIHRoZSB0aGVvcnkgb2YgU2NhbGFyIEltcGxpY2F0dXJlcy5wZGYAABMAAS8AABUAAgAM//8AAIAG0hscHR5aJGNsYXNzbmFtZVgkY2xhc3Nlc11OU011dGFibGVEYXRhox0fIFZOU0RhdGFYTlNPYmplY3TSGxwiI1xOU0RpY3Rpb25hcnmiIiBfEA9OU0tleWVkQXJjaGl2ZXLRJidUcm9vdIABAAgAEQAaACMALQAyADcAQABGAE0AVQBgAGcAagBsAG4AcQBzAHUAdwCEAI4A5wDsAPQDTANOA1MDXgNnA3UDeQOAA4kDjgObA54DsAOzA7gAAAAAAAACAQAAAAAAAAAoAAAAAAAAAAAAAAAAAAADug==}}

@article{KjelgaardSpeer1999,
	Author = {M. Kjelgaard and S. Speer},
	Journal = {Journal of Memory and Language},
	Pages = {153--194},
	Title = {Prosodic facilitation and interference in the resolution of temporary syntactic ambiguity},
	Volume = {40},
	Year = {1999}}

@unpublished{SchwarzClifton2008:Strengthening-o,
	Author = {Florian Schwarz and Charles Clifton and Lyn Frazier},
	Date-Added = {2011-03-11 16:08:05 +0100},
	Date-Modified = {2011-03-11 16:10:34 +0100},
	Note = {Unpublished manuscript; retrived from semanticsarchive March 11 2011},
	Title = {Strengthening `or': {E}ffects of Focus and Downward Entailing Contexts on Scalar Implicatures},
	Url = {http://semanticsarchive.net/Archive/jcwZTc3Z/StrengtheningOr.pdf},
	Year = {2008},
	Bdsk-File-1 = {YnBsaXN0MDDUAQIDBAUGJCVYJHZlcnNpb25YJG9iamVjdHNZJGFyY2hpdmVyVCR0b3ASAAGGoKgHCBMUFRYaIVUkbnVsbNMJCgsMDxJXTlMua2V5c1pOUy5vYmplY3RzViRjbGFzc6INDoACgAOiEBGABIAFgAdccmVsYXRpdmVQYXRoWWFsaWFzRGF0YV8Qcy4uL2RhdGEvc3luYy9MaXRlcmF0dXJlL1NjaHdhcnpDbGlmdG9uXzIwMDhfU3RyZW5ndGhlbmluZyBgb3InIEVmZmVjdHMgb2YgRm9jdXMgYW5kIERvd253YXJkIEVudGFpbGluZyBDb250ZXh0cy5wZGbSFwsYGVdOUy5kYXRhTxECqgAAAAACqgACAAAMTWFjaW50b3NoIEhEAAAAAAAAAAAAAAAAAAAAz9RG5kgrAAAADHu1H1NjaHdhcnpDbGlmdG9uXzIwMDhfUyNDN0Y5Ni5wZGYAAAAAAAAAAAAAAAAAAAAAAAAAAAAAAAAAAAAAAAAAAAAMf5bJoB9nAAAAAAAAAAAAAQAEAAAJIAAAAAAAAAAAAAAAAAAAAApMaXRlcmF0dXJlABAACAAAz9QqxgAAABEACAAAyaARVwAAAAEAGAAMe7UADHs7AAuoZgAKvIkACT4IAAJm+QACAFtNYWNpbnRvc2ggSEQ6VXNlcnM6AG1pY2hhOgBEZXNrdG9wOgBkYXRhOgBzeW5jOgBMaXRlcmF0dXJlOgBTY2h3YXJ6Q2xpZnRvbl8yMDA4X1MjQzdGOTYucGRmAAAOALgAWwBTAGMAaAB3AGEAcgB6AEMAbABpAGYAdABvAG4AXwAyADAAMAA4AF8AUwB0AHIAZQBuAGcAdABoAGUAbgBpAG4AZwAgAGAAbwByACcAIABFAGYAZgBlAGMAdABzACAAbwBmACAARgBvAGMAdQBzACAAYQBuAGQAIABEAG8AdwBuAHcAYQByAGQAIABFAG4AdABhAGkAbABpAG4AZwAgAEMAbwBuAHQAZQB4AHQAcwAuAHAAZABmAA8AGgAMAE0AYQBjAGkAbgB0AG8AcwBoACAASABEABIAhFVzZXJzL21pY2hhL0Rlc2t0b3AvZGF0YS9zeW5jL0xpdGVyYXR1cmUvU2Nod2FyekNsaWZ0b25fMjAwOF9TdHJlbmd0aGVuaW5nIGBvcicgRWZmZWN0cyBvZiBGb2N1cyBhbmQgRG93bndhcmQgRW50YWlsaW5nIENvbnRleHRzLnBkZgATAAEvAAAVAAIADP//AACABtIbHB0eWiRjbGFzc25hbWVYJGNsYXNzZXNdTlNNdXRhYmxlRGF0YaMdHyBWTlNEYXRhWE5TT2JqZWN00hscIiNcTlNEaWN0aW9uYXJ5oiIgXxAPTlNLZXllZEFyY2hpdmVy0SYnVHJvb3SAAQAIABEAGgAjAC0AMgA3AEAARgBNAFUAYABnAGoAbABuAHEAcwB1AHcAhACOAQQBCQERA78DwQPGA9ED2gPoA+wD8wP8BAEEDgQRBCMEJgQrAAAAAAAAAgEAAAAAAAAAKAAAAAAAAAAAAAAAAAAABC0=}}

@incollection{Geurts2006:Take-five,
	Address = {Amsterdam, Philadelphia},
	Author = {Bart Geurts},
	Booktitle = {Non-definiteness and plurality},
	Date-Added = {2014-08-29 15:25:56 +0000},
	Date-Modified = {2014-08-29 15:27:10 +0000},
	Editor = {Svetlana Vogeleer and Liliane Tasmowski},
	Pages = {311--329},
	Publisher = {Benjamins},
	Title = {Take `five'},
	Year = {2006},
	Bdsk-File-1 = {YnBsaXN0MDDUAQIDBAUGJCVYJHZlcnNpb25YJG9iamVjdHNZJGFyY2hpdmVyVCR0b3ASAAGGoKgHCBMUFRYaIVUkbnVsbNMJCgsMDxJXTlMua2V5c1pOUy5vYmplY3RzViRjbGFzc6INDoACgAOiEBGABIAFgAdccmVsYXRpdmVQYXRoWWFsaWFzRGF0YV8QMy4uL2RhdGEvc3luYy9MaXRlcmF0dXJlL0dldXJ0c18yMDA2X1Rha2UgYGZpdmUnLnBkZtIXCxgZV05TLmRhdGFPEQHmAAAAAAHmAAIAAAxNYWNpbnRvc2ggSEQAAAAAAAAAAAAAAAAAAADP1EbmSCsAAAAMe7UbR2V1cnRzXzIwMDZfVGFrZSBgZml2ZScucGRmAAAAAAAAAAAAAAAAAAAAAAAAAAAAAAAAAAAAAAAAAAAAAAAAACKHsdArW1gAAAAAAAAAAAABAAQAAAkgAAAAAAAAAAAAAAAAAAAACkxpdGVyYXR1cmUAEAAIAADP1CrGAAAAEQAIAADQKz84AAAAAQAYAAx7tQAMezsAC6hmAAq8iQAJPggAAmb5AAIAV01hY2ludG9zaCBIRDpVc2VyczoAbWljaGE6AERlc2t0b3A6AGRhdGE6AHN5bmM6AExpdGVyYXR1cmU6AEdldXJ0c18yMDA2X1Rha2UgYGZpdmUnLnBkZgAADgA4ABsARwBlAHUAcgB0AHMAXwAyADAAMAA2AF8AVABhAGsAZQAgAGAAZgBpAHYAZQAnAC4AcABkAGYADwAaAAwATQBhAGMAaQBuAHQAbwBzAGgAIABIAEQAEgBEVXNlcnMvbWljaGEvRGVza3RvcC9kYXRhL3N5bmMvTGl0ZXJhdHVyZS9HZXVydHNfMjAwNl9UYWtlIGBmaXZlJy5wZGYAEwABLwAAFQACAAz//wAAgAbSGxwdHlokY2xhc3NuYW1lWCRjbGFzc2VzXU5TTXV0YWJsZURhdGGjHR8gVk5TRGF0YVhOU09iamVjdNIbHCIjXE5TRGljdGlvbmFyeaIiIF8QD05TS2V5ZWRBcmNoaXZlctEmJ1Ryb290gAEACAARABoAIwAtADIANwBAAEYATQBVAGAAZwBqAGwAbgBxAHMAdQB3AIQAjgDEAMkA0QK7Ar0CwgLNAtYC5ALoAu8C+AL9AwoDDQMfAyIDJwAAAAAAAAIBAAAAAAAAACgAAAAAAAAAAAAAAAAAAAMp}}

@incollection{Pierrehumbert90,
	Address = {Cambridge},
	Author = {Janet B. Pierrehumbert and Julia Hirschberg},
	Booktitle = {Intentions in Communication},
	Editor = {P. Cohan and J. Morgan and M. Pollack},
	Pages = {271--311},
	Publisher = {MIT Press},
	Title = {The meaning of intonational contours in the interpretation of discourse},
	Year = {1990}}

@article{Magri2011:Another-Argumen,
	Author = {Giorgio Magri},
	Date-Added = {2012-05-23 09:06:52 +0000},
	Date-Modified = {2012-05-23 09:08:47 +0000},
	Doi = {10.3765/sp.4.6},
	Journal = {Semantics \& Pragmatics},
	Number = {6},
	Pages = {1--31},
	Title = {Another Argument for Embedded Scalar Implicatures based on Oddness in Downward Entailing Environments},
	Volume = {4},
	Year = {2011},
	Bdsk-File-1 = {YnBsaXN0MDDUAQIDBAUGJCVYJHZlcnNpb25YJG9iamVjdHNZJGFyY2hpdmVyVCR0b3ASAAGGoKgHCBMUFRYaIVUkbnVsbNMJCgsMDxJXTlMua2V5c1pOUy5vYmplY3RzViRjbGFzc6INDoACgAOiEBGABIAFgAdccmVsYXRpdmVQYXRoWWFsaWFzRGF0YV8QaS4uL2RhdGEvc3luYy9MaXRlcmF0dXJlL01hZ3JpXzIwMTFfQW5vdGhlciBBcmd1bWVudCBmb3IgRW1iZWRkZWQgU2NhbGFyIEltcGxpY2F0dXJlcyBiYXNlZCBvbiBPZGRuZXNzLnBkZtIXCxgZV05TLmRhdGFPEQKMAAAAAAKMAAIAAAxNYWNpbnRvc2ggSEQAAAAAAAAAAAAAAAAAAADP1EbmSCsAAAAMe7UfTWFncmlfMjAxMV9Bbm90aGVyIEFyI0M3REM1LnBkZgAAAAAAAAAAAAAAAAAAAAAAAAAAAAAAAAAAAAAAAAAAAAx9xcvidUgAAAAAAAAAAAABAAQAAAkgAAAAAAAAAAAAAAAAAAAACkxpdGVyYXR1cmUAEAAIAADP1CrGAAAAEQAIAADL4lkoAAAAAQAYAAx7tQAMezsAC6hmAAq8iQAJPggAAmb5AAIAW01hY2ludG9zaCBIRDpVc2VyczoAbWljaGE6AERlc2t0b3A6AGRhdGE6AHN5bmM6AExpdGVyYXR1cmU6AE1hZ3JpXzIwMTFfQW5vdGhlciBBciNDN0RDNS5wZGYAAA4ApABRAE0AYQBnAHIAaQBfADIAMAAxADEAXwBBAG4AbwB0AGgAZQByACAAQQByAGcAdQBtAGUAbgB0ACAAZgBvAHIAIABFAG0AYgBlAGQAZABlAGQAIABTAGMAYQBsAGEAcgAgAEkAbQBwAGwAaQBjAGEAdAB1AHIAZQBzACAAYgBhAHMAZQBkACAAbwBuACAATwBkAGQAbgBlAHMAcwAuAHAAZABmAA8AGgAMAE0AYQBjAGkAbgB0AG8AcwBoACAASABEABIAelVzZXJzL21pY2hhL0Rlc2t0b3AvZGF0YS9zeW5jL0xpdGVyYXR1cmUvTWFncmlfMjAxMV9Bbm90aGVyIEFyZ3VtZW50IGZvciBFbWJlZGRlZCBTY2FsYXIgSW1wbGljYXR1cmVzIGJhc2VkIG9uIE9kZG5lc3MucGRmABMAAS8AABUAAgAM//8AAIAG0hscHR5aJGNsYXNzbmFtZVgkY2xhc3Nlc11OU011dGFibGVEYXRhox0fIFZOU0RhdGFYTlNPYmplY3TSGxwiI1xOU0RpY3Rpb25hcnmiIiBfEA9OU0tleWVkQXJjaGl2ZXLRJidUcm9vdIABAAgAEQAaACMALQAyADcAQABGAE0AVQBgAGcAagBsAG4AcQBzAHUAdwCEAI4A+gD/AQcDlwOZA54DqQOyA8ADxAPLA9QD2QPmA+kD+wP+BAMAAAAAAAACAQAAAAAAAAAoAAAAAAAAAAAAAAAAAAAEBQ==}}

@incollection{Chierchia2012:FC-Nominals-and,
	Address = {Hampshire},
	Author = {Gennaro Chierchia},
	Booktitle = {Alternatives in Semantics},
	Editor = {Anamaria F\u{a}l\u{a}u\c{s}},
	Pages = {50--87},
	Publisher = {Palgrave Macmillan},
	Title = {Free Choice Nominals and Free Choice Disjunction: {T}he Identity Thesis},
	Year = {2013}}

@article{Jun2003,
	Author = {S. A. Jun},
	Journal = {Journal of Psycholinguistic Research},
	Pages = {219--248},
	Title = {rosodic phrasing and attachment preferences},
	Volume = {32},
	Year = {2003}}

@article{Kentner12,
	Author = {G. Kentner},
	Journal = {Cognition},
	Number = {1},
	Pages = {1--20},
	Title = {Linguistic rhythm guides parsing decisions in written sentence comprehension},
	Volume = {123},
	Year = {2012}}

@inproceedings{BenzGotzner2014:Embedded-implic,
	Address = {T\"ubingen},
	Author = {Anton Benz and Nicole Gotzner},
	Booktitle = {Proceedings of the Formal \& Experimental Pragmatics Workshop},
	Date-Added = {2014-08-29 14:10:48 +0000},
	Date-Modified = {2014-08-29 14:20:33 +0000},
	Editor = {Judith Degen and Michael Franke and Noah D. Goodman},
	Pages = {1--6},
	Title = {Embedded implicatures revisited: {I}ssues with the Truth-Value Judgment Paradigm},
	Year = {2014}}

@article{Winter2001:Plural-Predicat,
	Author = {Yoad Winter},
	Journal = {Journal of Semantics},
	Pages = {333--365},
	Title = {Plural Predication and the Strongest Meaning Hypothesis},
	Volume = {18},
	Year = {2001}}

@article{SchaferSpeerWarrenWhite2000,
	Author = {A. Schafer and S. Speer and P. Warren and S. White},
	Journal = {Journal of Psycholinguistic Research},
	Pages = {169--182},
	Title = {Intonational disambiguation in sentence production and comprehension},
	Volume = {29},
	Year = {2000}}

@article{Spector2014:Global-Positive,
	Author = {Benjamin Spector},
	Journal = {Semantics \& Pragmatics},
	Number = {11},
	Pages = {1--61},
	Title = {Global Positive Polarity Items and Obligatory Exhaustivity},
	Volume = {7},
	Year = {2014}}

@phdthesis{Horn1972:On-the-Semantic,
	Author = {Laurence R. Horn},
	Date-Added = {2008-09-08 13:53:20 +0200},
	Date-Modified = {2008-09-08 13:55:05 +0200},
	School = {UCLA},
	Title = {On the Semantic Properties of Logical Operators in English},
	Year = {1972}}

@incollection{Partee1987:Noun-phrase-int,
	Address = {Dordrecht},
	Author = {Barbara Partee},
	Booktitle = {Studies in discourse representation theory and the theory of generalized quantifiers},
	Date-Added = {2014-09-01 10:15:11 +0000},
	Date-Modified = {2014-11-24 13:04:04 +0000},
	Editor = {Jeroen Groenendijk and Dick de Jongh and Martin Stokhof},
	Pages = {115--144},
	Publisher = {Reidel},
	Title = {Noun-phrase interpretation and type-shifting principles},
	Year = {1987},
	Bdsk-File-1 = {YnBsaXN0MDDUAQIDBAUGJCVYJHZlcnNpb25YJG9iamVjdHNZJGFyY2hpdmVyVCR0b3ASAAGGoKgHCBMUFRYaIVUkbnVsbNMJCgsMDxJXTlMua2V5c1pOUy5vYmplY3RzViRjbGFzc6INDoACgAOiEBGABIAFgAdccmVsYXRpdmVQYXRoWWFsaWFzRGF0YV8QXy4uL2RhdGEvc3luYy9MaXRlcmF0dXJlL1BhcnRlZV8xOTg2X05vdW4tcGhyYXNlIGludGVycHJldGF0aW9uIGFuZCB0eXBlLXNoaWZ0aW5nIHByaW5jaXBsZXMucGRm0hcLGBlXTlMuZGF0YU8RAm4AAAAAAm4AAgAADE1hY2ludG9zaCBIRAAAAAAAAAAAAAAAAAAAAM/URuZIKwAAAAx7tR9QYXJ0ZWVfMTk4Nl9Ob3VuLXBociM1MzUyQkIucGRmAAAAAAAAAAAAAAAAAAAAAAAAAAAAAAAAAAAAAAAAAAAAU1K70Jjq3AAAAAAAAAAAAAEABAAACSAAAAAAAAAAAAAAAAAAAAAKTGl0ZXJhdHVyZQAQAAgAAM/UKsYAAAARAAgAANCY3MwAAAABABgADHu1AAx7OwALqGYACryJAAk+CAACZvkAAgBbTWFjaW50b3NoIEhEOlVzZXJzOgBtaWNoYToARGVza3RvcDoAZGF0YToAc3luYzoATGl0ZXJhdHVyZToAUGFydGVlXzE5ODZfTm91bi1waHIjNTM1MkJCLnBkZgAADgCQAEcAUABhAHIAdABlAGUAXwAxADkAOAA2AF8ATgBvAHUAbgAtAHAAaAByAGEAcwBlACAAaQBuAHQAZQByAHAAcgBlAHQAYQB0AGkAbwBuACAAYQBuAGQAIAB0AHkAcABlAC0AcwBoAGkAZgB0AGkAbgBnACAAcAByAGkAbgBjAGkAcABsAGUAcwAuAHAAZABmAA8AGgAMAE0AYQBjAGkAbgB0AG8AcwBoACAASABEABIAcFVzZXJzL21pY2hhL0Rlc2t0b3AvZGF0YS9zeW5jL0xpdGVyYXR1cmUvUGFydGVlXzE5ODZfTm91bi1waHJhc2UgaW50ZXJwcmV0YXRpb24gYW5kIHR5cGUtc2hpZnRpbmcgcHJpbmNpcGxlcy5wZGYAEwABLwAAFQACAAz//wAAgAbSGxwdHlokY2xhc3NuYW1lWCRjbGFzc2VzXU5TTXV0YWJsZURhdGGjHR8gVk5TRGF0YVhOU09iamVjdNIbHCIjXE5TRGljdGlvbmFyeaIiIF8QD05TS2V5ZWRBcmNoaXZlctEmJ1Ryb290gAEACAARABoAIwAtADIANwBAAEYATQBVAGAAZwBqAGwAbgBxAHMAdQB3AIQAjgDwAPUA/QNvA3EDdgOBA4oDmAOcA6MDrAOxA74DwQPTA9YD2wAAAAAAAAIBAAAAAAAAACgAAAAAAAAAAAAAAAAAAAPd}}

@article{Schafer00,
	Author = {A.J. Schafer and S.R. Speer and P. Warren and S.D. White},
	Journal = {Journal of Psycholinguistic Research},
	Number = {3},
	Pages = {169--182},
	Title = {Intonational disambiguation in sentence production and comprehension},
	Volume = {29},
	Year = {2000}}

@inproceedings{Franke2014:Typical-use-of-,
	Address = {Austin, TX},
	Author = {Michael Franke},
	Booktitle = {Proceedings of CogSci},
	Date-Added = {2014-02-03 09:36:18 +0000},
	Date-Modified = {2014-11-04 08:50:35 +0000},
	Editor = {Paul Bello and Marcello Guarini and Marjorie McShane and Brian Scassellati},
	Pages = {487--492},
	Publisher = {Cognitive Science Society},
	Title = {Typical use of quantifiers: {A} probabilistic speaker model},
	Year = {2014},
	Bdsk-File-1 = {YnBsaXN0MDDUAQIDBAUGJCVYJHZlcnNpb25YJG9iamVjdHNZJGFyY2hpdmVyVCR0b3ASAAGGoKgHCBMUFRYaIVUkbnVsbNMJCgsMDxJXTlMua2V5c1pOUy5vYmplY3RzViRjbGFzc6INDoACgAOiEBGABIAFgAdccmVsYXRpdmVQYXRoWWFsaWFzRGF0YV8QYS4uL2RhdGEvc3luYy9MaXRlcmF0dXJlL0ZyYW5rZV8yMDE0X1R5cGljYWwgdXNlIG9mIHF1YW50aWZpZXJzIEEgcHJvYmFiaWxpc3RpYyBzcGVha2VyIG1vZGVsYS5wZGbSFwsYGVdOUy5kYXRhTxECdAAAAAACdAACAAAMTWFjaW50b3NoIEhEAAAAAAAAAAAAAAAAAAAAz9RG5kgrAAAADHu1H0ZyYW5rZV8yMDE0X1R5cGljYWwgdSNDN0NCQS5wZGYAAAAAAAAAAAAAAAAAAAAAAAAAAAAAAAAAAAAAAAAAAAAMfLrPHATmAAAAAAAAAAAAAQAEAAAJIAAAAAAAAAAAAAAAAAAAAApMaXRlcmF0dXJlABAACAAAz9QqxgAAABEACAAAzxv21gAAAAEAGAAMe7UADHs7AAuoZgAKvIkACT4IAAJm+QACAFtNYWNpbnRvc2ggSEQ6VXNlcnM6AG1pY2hhOgBEZXNrdG9wOgBkYXRhOgBzeW5jOgBMaXRlcmF0dXJlOgBGcmFua2VfMjAxNF9UeXBpY2FsIHUjQzdDQkEucGRmAAAOAJQASQBGAHIAYQBuAGsAZQBfADIAMAAxADQAXwBUAHkAcABpAGMAYQBsACAAdQBzAGUAIABvAGYAIABxAHUAYQBuAHQAaQBmAGkAZQByAHMAIABBACAAcAByAG8AYgBhAGIAaQBsAGkAcwB0AGkAYwAgAHMAcABlAGEAawBlAHIAIABtAG8AZABlAGwAYQAuAHAAZABmAA8AGgAMAE0AYQBjAGkAbgB0AG8AcwBoACAASABEABIAclVzZXJzL21pY2hhL0Rlc2t0b3AvZGF0YS9zeW5jL0xpdGVyYXR1cmUvRnJhbmtlXzIwMTRfVHlwaWNhbCB1c2Ugb2YgcXVhbnRpZmllcnMgQSBwcm9iYWJpbGlzdGljIHNwZWFrZXIgbW9kZWxhLnBkZgATAAEvAAAVAAIADP//AACABtIbHB0eWiRjbGFzc25hbWVYJGNsYXNzZXNdTlNNdXRhYmxlRGF0YaMdHyBWTlNEYXRhWE5TT2JqZWN00hscIiNcTlNEaWN0aW9uYXJ5oiIgXxAPTlNLZXllZEFyY2hpdmVy0SYnVHJvb3SAAQAIABEAGgAjAC0AMgA3AEAARgBNAFUAYABnAGoAbABuAHEAcwB1AHcAhACOAPIA9wD/A3cDeQN+A4kDkgOgA6QDqwO0A7kDxgPJA9sD3gPjAAAAAAAAAgEAAAAAAAAAKAAAAAAAAAAAAAAAAAAAA+U=},
	Bdsk-File-2 = {YnBsaXN0MDDUAQIDBAUGJCVYJHZlcnNpb25YJG9iamVjdHNZJGFyY2hpdmVyVCR0b3ASAAGGoKgHCBMUFRYaIVUkbnVsbNMJCgsMDxJXTlMua2V5c1pOUy5vYmplY3RzViRjbGFzc6INDoACgAOiEBGABIAFgAdccmVsYXRpdmVQYXRoWWFsaWFzRGF0YV8QYC4uL2RhdGEvc3luYy9MaXRlcmF0dXJlL0ZyYW5rZV8yMDE0X1R5cGljYWwgdXNlIG9mIHF1YW50aWZpZXJzIEEgcHJvYmFiaWxpc3RpYyBzcGVha2VyIG1vZGVsLnBkZtIXCxgZV05TLmRhdGFPEQJyAAAAAAJyAAIAAAxNYWNpbnRvc2ggSEQAAAAAAAAAAAAAAAAAAADP1EbmSCsAAAAMe7UfRnJhbmtlXzIwMTRfVHlwaWNhbCB1I0M3Q0I5LnBkZgAAAAAAAAAAAAAAAAAAAAAAAAAAAAAAAAAAAAAAAAAAAAx8uc+OrD8AAAAAAAAAAAABAAQAAAkgAAAAAAAAAAAAAAAAAAAACkxpdGVyYXR1cmUAEAAIAADP1CrGAAAAEQAIAADPjpAfAAAAAQAYAAx7tQAMezsAC6hmAAq8iQAJPggAAmb5AAIAW01hY2ludG9zaCBIRDpVc2VyczoAbWljaGE6AERlc2t0b3A6AGRhdGE6AHN5bmM6AExpdGVyYXR1cmU6AEZyYW5rZV8yMDE0X1R5cGljYWwgdSNDN0NCOS5wZGYAAA4AkgBIAEYAcgBhAG4AawBlAF8AMgAwADEANABfAFQAeQBwAGkAYwBhAGwAIAB1AHMAZQAgAG8AZgAgAHEAdQBhAG4AdABpAGYAaQBlAHIAcwAgAEEAIABwAHIAbwBiAGEAYgBpAGwAaQBzAHQAaQBjACAAcwBwAGUAYQBrAGUAcgAgAG0AbwBkAGUAbAAuAHAAZABmAA8AGgAMAE0AYQBjAGkAbgB0AG8AcwBoACAASABEABIAcVVzZXJzL21pY2hhL0Rlc2t0b3AvZGF0YS9zeW5jL0xpdGVyYXR1cmUvRnJhbmtlXzIwMTRfVHlwaWNhbCB1c2Ugb2YgcXVhbnRpZmllcnMgQSBwcm9iYWJpbGlzdGljIHNwZWFrZXIgbW9kZWwucGRmAAATAAEvAAAVAAIADP//AACABtIbHB0eWiRjbGFzc25hbWVYJGNsYXNzZXNdTlNNdXRhYmxlRGF0YaMdHyBWTlNEYXRhWE5TT2JqZWN00hscIiNcTlNEaWN0aW9uYXJ5oiIgXxAPTlNLZXllZEFyY2hpdmVy0SYnVHJvb3SAAQAIABEAGgAjAC0AMgA3AEAARgBNAFUAYABnAGoAbABuAHEAcwB1AHcAhACOAPEA9gD+A3QDdgN7A4YDjwOdA6EDqAOxA7YDwwPGA9gD2wPgAAAAAAAAAgEAAAAAAAAAKAAAAAAAAAAAAAAAAAAAA+I=},
	Bdsk-File-3 = {YnBsaXN0MDDUAQIDBAUGJCVYJHZlcnNpb25YJG9iamVjdHNZJGFyY2hpdmVyVCR0b3ASAAGGoKgHCBMUFRYaIVUkbnVsbNMJCgsMDxJXTlMua2V5c1pOUy5vYmplY3RzViRjbGFzc6INDoACgAOiEBGABIAFgAdccmVsYXRpdmVQYXRoWWFsaWFzRGF0YV8QYS4uL2RhdGEvc3luYy9MaXRlcmF0dXJlL0ZyYW5rZV8yMDE0X1R5cGljYWwgdXNlIG9mIHF1YW50aWZpZXJzIEEgcHJvYmFiaWxpc3RpYyBzcGVha2VyIG1vZGVsYi5wZGbSFwsYGVdOUy5kYXRhTxECdAAAAAACdAACAAAMTWFjaW50b3NoIEhEAAAAAAAAAAAAAAAAAAAAz9RG5kgrAAAADHu1H0ZyYW5rZV8yMDE0X1R5cGljYWwgdSNDN0NCQi5wZGYAAAAAAAAAAAAAAAAAAAAAAAAAAAAAAAAAAAAAAAAAAAAMfLvQDl3sAAAAAAAAAAAAAQAEAAAJIAAAAAAAAAAAAAAAAAAAAApMaXRlcmF0dXJlABAACAAAz9QqxgAAABEACAAA0A5BzAAAAAEAGAAMe7UADHs7AAuoZgAKvIkACT4IAAJm+QACAFtNYWNpbnRvc2ggSEQ6VXNlcnM6AG1pY2hhOgBEZXNrdG9wOgBkYXRhOgBzeW5jOgBMaXRlcmF0dXJlOgBGcmFua2VfMjAxNF9UeXBpY2FsIHUjQzdDQkIucGRmAAAOAJQASQBGAHIAYQBuAGsAZQBfADIAMAAxADQAXwBUAHkAcABpAGMAYQBsACAAdQBzAGUAIABvAGYAIABxAHUAYQBuAHQAaQBmAGkAZQByAHMAIABBACAAcAByAG8AYgBhAGIAaQBsAGkAcwB0AGkAYwAgAHMAcABlAGEAawBlAHIAIABtAG8AZABlAGwAYgAuAHAAZABmAA8AGgAMAE0AYQBjAGkAbgB0AG8AcwBoACAASABEABIAclVzZXJzL21pY2hhL0Rlc2t0b3AvZGF0YS9zeW5jL0xpdGVyYXR1cmUvRnJhbmtlXzIwMTRfVHlwaWNhbCB1c2Ugb2YgcXVhbnRpZmllcnMgQSBwcm9iYWJpbGlzdGljIHNwZWFrZXIgbW9kZWxiLnBkZgATAAEvAAAVAAIADP//AACABtIbHB0eWiRjbGFzc25hbWVYJGNsYXNzZXNdTlNNdXRhYmxlRGF0YaMdHyBWTlNEYXRhWE5TT2JqZWN00hscIiNcTlNEaWN0aW9uYXJ5oiIgXxAPTlNLZXllZEFyY2hpdmVy0SYnVHJvb3SAAQAIABEAGgAjAC0AMgA3AEAARgBNAFUAYABnAGoAbABuAHEAcwB1AHcAhACOAPIA9wD/A3cDeQN+A4kDkgOgA6QDqwO0A7kDxgPJA9sD3gPjAAAAAAAAAgEAAAAAAAAAKAAAAAAAAAAAAAAAAAAAA+U=}}

@article{Tielvan-Tiel2012:Embedded-Scalar,
	Author = {{\SortNoop{Tiel}}{van Tiel}, Bob},
	Date-Added = {2012-03-26 13:46:45 +0200},
	Date-Modified = {2014-01-03 07:01:18 +0000},
	Doi = {10.1093/jos/fft002},
	Journal = {Journal of Semantics},
	Keywords = {embedded implicatures, scalar implicatures, prototypicality},
	Title = {Embedded Scalars and Typicality},
	Year = {to appear},
	Bdsk-File-1 = {YnBsaXN0MDDUAQIDBAUGJCVYJHZlcnNpb25YJG9iamVjdHNZJGFyY2hpdmVyVCR0b3ASAAGGoKgHCBMUFRYaIVUkbnVsbNMJCgsMDxJXTlMua2V5c1pOUy5vYmplY3RzViRjbGFzc6INDoACgAOiEBGABIAFgAdccmVsYXRpdmVQYXRoWWFsaWFzRGF0YV8QTS4uL2RhdGEvc3luYy9MaXRlcmF0dXJlL1RpZWx2YW4gVGllbF8yMDEyX0VtYmVkZGVkIFNjYWxhcnMgYW5kIFR5cGljYWxpdHkucGRm0hcLGBlXTlMuZGF0YU8RAjgAAAAAAjgAAgAADE1hY2ludG9zaCBIRAAAAAAAAAAAAAAAAAAAAM/URuZIKwAAAAx7tR9UaWVsdmFuIFRpZWxfMjAxMl9FbWIjQzdGRjQucGRmAAAAAAAAAAAAAAAAAAAAAAAAAAAAAAAAAAAAAAAAAAAADH/0y5YjiAAAAAAAAAAAAAEABAAACSAAAAAAAAAAAAAAAAAAAAAKTGl0ZXJhdHVyZQAQAAgAAM/UKsYAAAARAAgAAMuWB2gAAAABABgADHu1AAx7OwALqGYACryJAAk+CAACZvkAAgBbTWFjaW50b3NoIEhEOlVzZXJzOgBtaWNoYToARGVza3RvcDoAZGF0YToAc3luYzoATGl0ZXJhdHVyZToAVGllbHZhbiBUaWVsXzIwMTJfRW1iI0M3RkY0LnBkZgAADgBsADUAVABpAGUAbAB2AGEAbgAgAFQAaQBlAGwAXwAyADAAMQAyAF8ARQBtAGIAZQBkAGQAZQBkACAAUwBjAGEAbABhAHIAcwAgAGEAbgBkACAAVAB5AHAAaQBjAGEAbABpAHQAeQAuAHAAZABmAA8AGgAMAE0AYQBjAGkAbgB0AG8AcwBoACAASABEABIAXlVzZXJzL21pY2hhL0Rlc2t0b3AvZGF0YS9zeW5jL0xpdGVyYXR1cmUvVGllbHZhbiBUaWVsXzIwMTJfRW1iZWRkZWQgU2NhbGFycyBhbmQgVHlwaWNhbGl0eS5wZGYAEwABLwAAFQACAAz//wAAgAbSGxwdHlokY2xhc3NuYW1lWCRjbGFzc2VzXU5TTXV0YWJsZURhdGGjHR8gVk5TRGF0YVhOU09iamVjdNIbHCIjXE5TRGljdGlvbmFyeaIiIF8QD05TS2V5ZWRBcmNoaXZlctEmJ1Ryb290gAEACAARABoAIwAtADIANwBAAEYATQBVAGAAZwBqAGwAbgBxAHMAdQB3AIQAjgDeAOMA6wMnAykDLgM5A0IDUANUA1sDZANpA3YDeQOLA44DkwAAAAAAAAIBAAAAAAAAACgAAAAAAAAAAAAAAAAAAAOV},
	Bdsk-File-2 = {YnBsaXN0MDDUAQIDBAUGJCVYJHZlcnNpb25YJG9iamVjdHNZJGFyY2hpdmVyVCR0b3ASAAGGoKgHCBMUFRYaIVUkbnVsbNMJCgsMDxJXTlMua2V5c1pOUy5vYmplY3RzViRjbGFzc6INDoACgAOiEBGABIAFgAdccmVsYXRpdmVQYXRoWWFsaWFzRGF0YV8QTi4uL2RhdGEvc3luYy9MaXRlcmF0dXJlL1RpZWx2YW4gVGllbF8yMDEyX0VtYmVkZGVkIFNjYWxhcnMgYW5kIFR5cGljYWxpdHlhLnBkZtIXCxgZV05TLmRhdGFPEQI8AAAAAAI8AAIAAAxNYWNpbnRvc2ggSEQAAAAAAAAAAAAAAAAAAADP1EbmSCsAAAAMe7UfVGllbHZhbiBUaWVsXzIwMTJfRW1iI0M3RkY1LnBkZgAAAAAAAAAAAAAAAAAAAAAAAAAAAAAAAAAAAAAAAAAAAAx/9cuWI7oAAAAAAAAAAAABAAQAAAkgAAAAAAAAAAAAAAAAAAAACkxpdGVyYXR1cmUAEAAIAADP1CrGAAAAEQAIAADLlgeaAAAAAQAYAAx7tQAMezsAC6hmAAq8iQAJPggAAmb5AAIAW01hY2ludG9zaCBIRDpVc2VyczoAbWljaGE6AERlc2t0b3A6AGRhdGE6AHN5bmM6AExpdGVyYXR1cmU6AFRpZWx2YW4gVGllbF8yMDEyX0VtYiNDN0ZGNS5wZGYAAA4AbgA2AFQAaQBlAGwAdgBhAG4AIABUAGkAZQBsAF8AMgAwADEAMgBfAEUAbQBiAGUAZABkAGUAZAAgAFMAYwBhAGwAYQByAHMAIABhAG4AZAAgAFQAeQBwAGkAYwBhAGwAaQB0AHkAYQAuAHAAZABmAA8AGgAMAE0AYQBjAGkAbgB0AG8AcwBoACAASABEABIAX1VzZXJzL21pY2hhL0Rlc2t0b3AvZGF0YS9zeW5jL0xpdGVyYXR1cmUvVGllbHZhbiBUaWVsXzIwMTJfRW1iZWRkZWQgU2NhbGFycyBhbmQgVHlwaWNhbGl0eWEucGRmAAATAAEvAAAVAAIADP//AACABtIbHB0eWiRjbGFzc25hbWVYJGNsYXNzZXNdTlNNdXRhYmxlRGF0YaMdHyBWTlNEYXRhWE5TT2JqZWN00hscIiNcTlNEaWN0aW9uYXJ5oiIgXxAPTlNLZXllZEFyY2hpdmVy0SYnVHJvb3SAAQAIABEAGgAjAC0AMgA3AEAARgBNAFUAYABnAGoAbABuAHEAcwB1AHcAhACOAN8A5ADsAywDLgMzAz4DRwNVA1kDYANpA24DewN+A5ADkwOYAAAAAAAAAgEAAAAAAAAAKAAAAAAAAAAAAAAAAAAAA5o=},
	Bdsk-File-3 = {YnBsaXN0MDDUAQIDBAUGJCVYJHZlcnNpb25YJG9iamVjdHNZJGFyY2hpdmVyVCR0b3ASAAGGoKgHCBMUFRYaIVUkbnVsbNMJCgsMDxJXTlMua2V5c1pOUy5vYmplY3RzViRjbGFzc6INDoACgAOiEBGABIAFgAdccmVsYXRpdmVQYXRoWWFsaWFzRGF0YV8QTi4uL2RhdGEvc3luYy9MaXRlcmF0dXJlL1RpZWx2YW4gVGllbF8yMDEyX0VtYmVkZGVkIFNjYWxhcnMgYW5kIFR5cGljYWxpdHliLnBkZtIXCxgZV05TLmRhdGFPEQI8AAAAAAI8AAIAAAxNYWNpbnRvc2ggSEQAAAAAAAAAAAAAAAAAAADP1EbmSCsAAAAMe7UfVGllbHZhbiBUaWVsXzIwMTJfRW1iI0M3RkY2LnBkZgAAAAAAAAAAAAAAAAAAAAAAAAAAAAAAAAAAAAAAAAAAAAx/9swDlaEAAAAAAAAAAAABAAQAAAkgAAAAAAAAAAAAAAAAAAAACkxpdGVyYXR1cmUAEAAIAADP1CrGAAAAEQAIAADMA3mBAAAAAQAYAAx7tQAMezsAC6hmAAq8iQAJPggAAmb5AAIAW01hY2ludG9zaCBIRDpVc2VyczoAbWljaGE6AERlc2t0b3A6AGRhdGE6AHN5bmM6AExpdGVyYXR1cmU6AFRpZWx2YW4gVGllbF8yMDEyX0VtYiNDN0ZGNi5wZGYAAA4AbgA2AFQAaQBlAGwAdgBhAG4AIABUAGkAZQBsAF8AMgAwADEAMgBfAEUAbQBiAGUAZABkAGUAZAAgAFMAYwBhAGwAYQByAHMAIABhAG4AZAAgAFQAeQBwAGkAYwBhAGwAaQB0AHkAYgAuAHAAZABmAA8AGgAMAE0AYQBjAGkAbgB0AG8AcwBoACAASABEABIAX1VzZXJzL21pY2hhL0Rlc2t0b3AvZGF0YS9zeW5jL0xpdGVyYXR1cmUvVGllbHZhbiBUaWVsXzIwMTJfRW1iZWRkZWQgU2NhbGFycyBhbmQgVHlwaWNhbGl0eWIucGRmAAATAAEvAAAVAAIADP//AACABtIbHB0eWiRjbGFzc25hbWVYJGNsYXNzZXNdTlNNdXRhYmxlRGF0YaMdHyBWTlNEYXRhWE5TT2JqZWN00hscIiNcTlNEaWN0aW9uYXJ5oiIgXxAPTlNLZXllZEFyY2hpdmVy0SYnVHJvb3SAAQAIABEAGgAjAC0AMgA3AEAARgBNAFUAYABnAGoAbABuAHEAcwB1AHcAhACOAN8A5ADsAywDLgMzAz4DRwNVA1kDYANpA24DewN+A5ADkwOYAAAAAAAAAgEAAAAAAAAAKAAAAAAAAAAAAAAAAAAAA5o=},
	Bdsk-File-4 = {YnBsaXN0MDDUAQIDBAUGJCVYJHZlcnNpb25YJG9iamVjdHNZJGFyY2hpdmVyVCR0b3ASAAGGoKgHCBMUFRYaIVUkbnVsbNMJCgsMDxJXTlMua2V5c1pOUy5vYmplY3RzViRjbGFzc6INDoACgAOiEBGABIAFgAdccmVsYXRpdmVQYXRoWWFsaWFzRGF0YV8QTi4uL2RhdGEvc3luYy9MaXRlcmF0dXJlL1RpZWx2YW4gVGllbF8yMDEyX0VtYmVkZGVkIFNjYWxhcnMgYW5kIFR5cGljYWxpdHljLnBkZtIXCxgZV05TLmRhdGFPEQI8AAAAAAI8AAIAAAxNYWNpbnRvc2ggSEQAAAAAAAAAAAAAAAAAAADP1EbmSCsAAAAMe7UfVGllbHZhbiBUaWVsXzIwMTJfRW1iI0M3RkY3LnBkZgAAAAAAAAAAAAAAAAAAAAAAAAAAAAAAAAAAAAAAAAAAAAx/9817KwgAAAAAAAAAAAABAAQAAAkgAAAAAAAAAAAAAAAAAAAACkxpdGVyYXR1cmUAEAAIAADP1CrGAAAAEQAIAADNexz4AAAAAQAYAAx7tQAMezsAC6hmAAq8iQAJPggAAmb5AAIAW01hY2ludG9zaCBIRDpVc2VyczoAbWljaGE6AERlc2t0b3A6AGRhdGE6AHN5bmM6AExpdGVyYXR1cmU6AFRpZWx2YW4gVGllbF8yMDEyX0VtYiNDN0ZGNy5wZGYAAA4AbgA2AFQAaQBlAGwAdgBhAG4AIABUAGkAZQBsAF8AMgAwADEAMgBfAEUAbQBiAGUAZABkAGUAZAAgAFMAYwBhAGwAYQByAHMAIABhAG4AZAAgAFQAeQBwAGkAYwBhAGwAaQB0AHkAYwAuAHAAZABmAA8AGgAMAE0AYQBjAGkAbgB0AG8AcwBoACAASABEABIAX1VzZXJzL21pY2hhL0Rlc2t0b3AvZGF0YS9zeW5jL0xpdGVyYXR1cmUvVGllbHZhbiBUaWVsXzIwMTJfRW1iZWRkZWQgU2NhbGFycyBhbmQgVHlwaWNhbGl0eWMucGRmAAATAAEvAAAVAAIADP//AACABtIbHB0eWiRjbGFzc25hbWVYJGNsYXNzZXNdTlNNdXRhYmxlRGF0YaMdHyBWTlNEYXRhWE5TT2JqZWN00hscIiNcTlNEaWN0aW9uYXJ5oiIgXxAPTlNLZXllZEFyY2hpdmVy0SYnVHJvb3SAAQAIABEAGgAjAC0AMgA3AEAARgBNAFUAYABnAGoAbABuAHEAcwB1AHcAhACOAN8A5ADsAywDLgMzAz4DRwNVA1kDYANpA24DewN+A5ADkwOYAAAAAAAAAgEAAAAAAAAAKAAAAAAAAAAAAAAAAAAAA5o=}}

@incollection{ChierchiaFox2008:The-Grammatical,
	Address = {Berlin},
	Author = {Gennaro Chierchia and Danny Fox and Benjamin Spector},
	Booktitle = {Semantics. {A}n International Handbook of Natural Language Meaning},
	Date-Added = {2008-09-04 17:01:23 +0200},
	Date-Modified = {2014-01-10 15:51:31 +0000},
	Editor = {Claudia Maienborn and {\SortNoop{Heusinger}}von Heusinger, Klaus and Paul Portner},
	Local-Url = {file://localhost/Users/micha/Desktop/data/sync/Literature/ChierchiaFox_2008_The%20Grammatical%20View%20of%20Scalar%20Implicatures%20and%20the%20Relationship%20between%20Semantics%20and%20Pragmatics.pdf},
	Pages = {2297--2332},
	Publisher = {de Gruyter},
	Title = {Scalar Implicature as a Grammatical Phenonenon},
	Year = {2012},
	Bdsk-File-1 = {YnBsaXN0MDDUAQIDBAUGJCVYJHZlcnNpb25YJG9iamVjdHNZJGFyY2hpdmVyVCR0b3ASAAGGoKgHCBMUFRYaIVUkbnVsbNMJCgsMDxJXTlMua2V5c1pOUy5vYmplY3RzViRjbGFzc6INDoACgAOiEBGABIAFgAdccmVsYXRpdmVQYXRoWWFsaWFzRGF0YV8Qjy4uL2RhdGEvc3luYy9MaXRlcmF0dXJlL0NoaWVyY2hpYUZveF8yMDA4X1RoZSBHcmFtbWF0aWNhbCBWaWV3IG9mIFNjYWxhciBJbXBsaWNhdHVyZXMgYW5kIHRoZSBSZWxhdGlvbnNoaXAgYmV0d2VlbiBTZW1hbnRpY3MgYW5kIFByYWdtYXRpY3MucGRm0hcLGBlXTlMuZGF0YU8RAv4AAAAAAv4AAgAADE1hY2ludG9zaCBIRAAAAAAAAAAAAAAAAAAAAM/URuZIKwAAAAx7tR9DaGllcmNoaWFGb3hfMjAwOF9UaGUjQzdDNDAucGRmAAAAAAAAAAAAAAAAAAAAAAAAAAAAAAAAAAAAAAAAAAAADHxAxOX3uQAAAAAAAAAAAAEABAAACSAAAAAAAAAAAAAAAAAAAAAKTGl0ZXJhdHVyZQAQAAgAAM/UKsYAAAARAAgAAMTl25kAAAABABgADHu1AAx7OwALqGYACryJAAk+CAACZvkAAgBbTWFjaW50b3NoIEhEOlVzZXJzOgBtaWNoYToARGVza3RvcDoAZGF0YToAc3luYzoATGl0ZXJhdHVyZToAQ2hpZXJjaGlhRm94XzIwMDhfVGhlI0M3QzQwLnBkZgAADgDwAHcAQwBoAGkAZQByAGMAaABpAGEARgBvAHgAXwAyADAAMAA4AF8AVABoAGUAIABHAHIAYQBtAG0AYQB0AGkAYwBhAGwAIABWAGkAZQB3ACAAbwBmACAAUwBjAGEAbABhAHIAIABJAG0AcABsAGkAYwBhAHQAdQByAGUAcwAgAGEAbgBkACAAdABoAGUAIABSAGUAbABhAHQAaQBvAG4AcwBoAGkAcAAgAGIAZQB0AHcAZQBlAG4AIABTAGUAbQBhAG4AdABpAGMAcwAgAGEAbgBkACAAUAByAGEAZwBtAGEAdABpAGMAcwAuAHAAZABmAA8AGgAMAE0AYQBjAGkAbgB0AG8AcwBoACAASABEABIAoFVzZXJzL21pY2hhL0Rlc2t0b3AvZGF0YS9zeW5jL0xpdGVyYXR1cmUvQ2hpZXJjaGlhRm94XzIwMDhfVGhlIEdyYW1tYXRpY2FsIFZpZXcgb2YgU2NhbGFyIEltcGxpY2F0dXJlcyBhbmQgdGhlIFJlbGF0aW9uc2hpcCBiZXR3ZWVuIFNlbWFudGljcyBhbmQgUHJhZ21hdGljcy5wZGYAEwABLwAAFQACAAz//wAAgAbSGxwdHlokY2xhc3NuYW1lWCRjbGFzc2VzXU5TTXV0YWJsZURhdGGjHR8gVk5TRGF0YVhOU09iamVjdNIbHCIjXE5TRGljdGlvbmFyeaIiIF8QD05TS2V5ZWRBcmNoaXZlctEmJ1Ryb290gAEACAARABoAIwAtADIANwBAAEYATQBVAGAAZwBqAGwAbgBxAHMAdQB3AIQAjgEgASUBLQQvBDEENgRBBEoEWARcBGMEbARxBH4EgQSTBJYEmwAAAAAAAAIBAAAAAAAAACgAAAAAAAAAAAAAAAAAAASd}}

@article{DegenTanenhaus2012:Processing-Scal,
	Author = {Judith Degen and Michael K. Tanenhaus},
	Date-Added = {2013-01-02 15:39:07 +0000},
	Date-Modified = {2014-01-03 06:55:17 +0000},
	Journal = {Cognitive Science},
	Title = {Processing Scalar Implicatures: {A} Constraint-Based Approach},
	Year = {to appear},
	Bdsk-File-1 = {YnBsaXN0MDDUAQIDBAUGJCVYJHZlcnNpb25YJG9iamVjdHNZJGFyY2hpdmVyVCR0b3ASAAGGoKgHCBMUFRYaIVUkbnVsbNMJCgsMDxJXTlMua2V5c1pOUy5vYmplY3RzViRjbGFzc6INDoACgAOiEBGABIAFgAdccmVsYXRpdmVQYXRoWWFsaWFzRGF0YV8Qai4uL2RhdGEvc3luYy9MaXRlcmF0dXJlL0RlZ2VuVGFuZW5oYXVzXzIwMTJfUHJvY2Vzc2luZyBTY2FsYXIgSW1wbGljYXR1cmVzIEEgQ29uc3RyYWludC1CYXNlZCBBcHByb2FjaC5wZGbSFwsYGVdOUy5kYXRhTxECkAAAAAACkAACAAAMTWFjaW50b3NoIEhEAAAAAAAAAAAAAAAAAAAAz9RG5kgrAAAADHu1H0RlZ2VuVGFuZW5oYXVzXzIwMTJfUCNDN0M2OC5wZGYAAAAAAAAAAAAAAAAAAAAAAAAAAAAAAAAAAAAAAAAAAAAMfGjNChN3AAAAAAAAAAAAAQAEAAAJIAAAAAAAAAAAAAAAAAAAAApMaXRlcmF0dXJlABAACAAAz9QqxgAAABEACAAAzQoFZwAAAAEAGAAMe7UADHs7AAuoZgAKvIkACT4IAAJm+QACAFtNYWNpbnRvc2ggSEQ6VXNlcnM6AG1pY2hhOgBEZXNrdG9wOgBkYXRhOgBzeW5jOgBMaXRlcmF0dXJlOgBEZWdlblRhbmVuaGF1c18yMDEyX1AjQzdDNjgucGRmAAAOAKYAUgBEAGUAZwBlAG4AVABhAG4AZQBuAGgAYQB1AHMAXwAyADAAMQAyAF8AUAByAG8AYwBlAHMAcwBpAG4AZwAgAFMAYwBhAGwAYQByACAASQBtAHAAbABpAGMAYQB0AHUAcgBlAHMAIABBACAAQwBvAG4AcwB0AHIAYQBpAG4AdAAtAEIAYQBzAGUAZAAgAEEAcABwAHIAbwBhAGMAaAAuAHAAZABmAA8AGgAMAE0AYQBjAGkAbgB0AG8AcwBoACAASABEABIAe1VzZXJzL21pY2hhL0Rlc2t0b3AvZGF0YS9zeW5jL0xpdGVyYXR1cmUvRGVnZW5UYW5lbmhhdXNfMjAxMl9Qcm9jZXNzaW5nIFNjYWxhciBJbXBsaWNhdHVyZXMgQSBDb25zdHJhaW50LUJhc2VkIEFwcHJvYWNoLnBkZgAAEwABLwAAFQACAAz//wAAgAbSGxwdHlokY2xhc3NuYW1lWCRjbGFzc2VzXU5TTXV0YWJsZURhdGGjHR8gVk5TRGF0YVhOU09iamVjdNIbHCIjXE5TRGljdGlvbmFyeaIiIF8QD05TS2V5ZWRBcmNoaXZlctEmJ1Ryb290gAEACAARABoAIwAtADIANwBAAEYATQBVAGAAZwBqAGwAbgBxAHMAdQB3AIQAjgD7AQABCAOcA54DowOuA7cDxQPJA9AD2QPeA+sD7gQABAMECAAAAAAAAAIBAAAAAAAAACgAAAAAAAAAAAAAAAAAAAQK},
	Bdsk-File-2 = {YnBsaXN0MDDUAQIDBAUGJCVYJHZlcnNpb25YJG9iamVjdHNZJGFyY2hpdmVyVCR0b3ASAAGGoKgHCBMUFRYaIVUkbnVsbNMJCgsMDxJXTlMua2V5c1pOUy5vYmplY3RzViRjbGFzc6INDoACgAOiEBGABIAFgAdccmVsYXRpdmVQYXRoWWFsaWFzRGF0YV8Qai4uL2RhdGEvc3luYy9MaXRlcmF0dXJlL0RlZ2VuVGFuZW5oYXVzXzIwMTRfUHJvY2Vzc2luZyBTY2FsYXIgSW1wbGljYXR1cmVzIEEgQ29uc3RyYWludC1CYXNlZCBBcHByb2FjaC5wZGbSFwsYGVdOUy5kYXRhTxECkAAAAAACkAACAAAMTWFjaW50b3NoIEhEAAAAAAAAAAAAAAAAAAAAz9RG5kgrAAAADHu1H0RlZ2VuVGFuZW5oYXVzXzIwMTRfUCNDN0M2OS5wZGYAAAAAAAAAAAAAAAAAAAAAAAAAAAAAAAAAAAAAAAAAAAAMfGnO+BM4AAAAAAAAAAAAAQAEAAAJIAAAAAAAAAAAAAAAAAAAAApMaXRlcmF0dXJlABAACAAAz9QqxgAAABEACAAAzvgFKAAAAAEAGAAMe7UADHs7AAuoZgAKvIkACT4IAAJm+QACAFtNYWNpbnRvc2ggSEQ6VXNlcnM6AG1pY2hhOgBEZXNrdG9wOgBkYXRhOgBzeW5jOgBMaXRlcmF0dXJlOgBEZWdlblRhbmVuaGF1c18yMDE0X1AjQzdDNjkucGRmAAAOAKYAUgBEAGUAZwBlAG4AVABhAG4AZQBuAGgAYQB1AHMAXwAyADAAMQA0AF8AUAByAG8AYwBlAHMAcwBpAG4AZwAgAFMAYwBhAGwAYQByACAASQBtAHAAbABpAGMAYQB0AHUAcgBlAHMAIABBACAAQwBvAG4AcwB0AHIAYQBpAG4AdAAtAEIAYQBzAGUAZAAgAEEAcABwAHIAbwBhAGMAaAAuAHAAZABmAA8AGgAMAE0AYQBjAGkAbgB0AG8AcwBoACAASABEABIAe1VzZXJzL21pY2hhL0Rlc2t0b3AvZGF0YS9zeW5jL0xpdGVyYXR1cmUvRGVnZW5UYW5lbmhhdXNfMjAxNF9Qcm9jZXNzaW5nIFNjYWxhciBJbXBsaWNhdHVyZXMgQSBDb25zdHJhaW50LUJhc2VkIEFwcHJvYWNoLnBkZgAAEwABLwAAFQACAAz//wAAgAbSGxwdHlokY2xhc3NuYW1lWCRjbGFzc2VzXU5TTXV0YWJsZURhdGGjHR8gVk5TRGF0YVhOU09iamVjdNIbHCIjXE5TRGljdGlvbmFyeaIiIF8QD05TS2V5ZWRBcmNoaXZlctEmJ1Ryb290gAEACAARABoAIwAtADIANwBAAEYATQBVAGAAZwBqAGwAbgBxAHMAdQB3AIQAjgD7AQABCAOcA54DowOuA7cDxQPJA9AD2QPeA+sD7gQABAMECAAAAAAAAAIBAAAAAAAAACgAAAAAAAAAAAAAAAAAAAQK}}

@incollection{Grice1975:Logic-and-Conve,
	Address = {New York},
	Author = {Paul Herbert Grice},
	Booktitle = {Syntax and Semantics, Vol.~3, Speech Acts},
	Date-Added = {2010-04-21 09:26:22 +0200},
	Date-Modified = {2014-07-11 12:55:59 +0000},
	Editor = {Peter Cole and Jerry L. Morgan},
	Keywords = {pragmatics, implicature, logic},
	Pages = {41--58},
	Publisher = {Academic Press},
	Title = {Logic and Conversation},
	Year = {1975},
	Bdsk-File-1 = {YnBsaXN0MDDUAQIDBAUGJCVYJHZlcnNpb25YJG9iamVjdHNZJGFyY2hpdmVyVCR0b3ASAAGGoKgHCBMUFRYaIVUkbnVsbNMJCgsMDxJXTlMua2V5c1pOUy5vYmplY3RzViRjbGFzc6INDoACgAOiEBGABIAFgAdccmVsYXRpdmVQYXRoWWFsaWFzRGF0YV8QPS4uL2RhdGEvc3luYy9MaXRlcmF0dXJlL0dyaWNlXzE5NzVfTG9naWMgYW5kIENvbnZlcnNhdGlvbi5wZGbSFwsYGVdOUy5kYXRhTxECCAAAAAACCAACAAAMTWFjaW50b3NoIEhEAAAAAAAAAAAAAAAAAAAAz9RG5kgrAAAADHu1H0dyaWNlXzE5NzVfTG9naWMgYW5kICNDN0NGMi5wZGYAAAAAAAAAAAAAAAAAAAAAAAAAAAAAAAAAAAAAAAAAAAAMfPLH9HWpAAAAAAAAAAAAAQAEAAAJIAAAAAAAAAAAAAAAAAAAAApMaXRlcmF0dXJlABAACAAAz9QqxgAAABEACAAAx/RZiQAAAAEAGAAMe7UADHs7AAuoZgAKvIkACT4IAAJm+QACAFtNYWNpbnRvc2ggSEQ6VXNlcnM6AG1pY2hhOgBEZXNrdG9wOgBkYXRhOgBzeW5jOgBMaXRlcmF0dXJlOgBHcmljZV8xOTc1X0xvZ2ljIGFuZCAjQzdDRjIucGRmAAAOAEwAJQBHAHIAaQBjAGUAXwAxADkANwA1AF8ATABvAGcAaQBjACAAYQBuAGQAIABDAG8AbgB2AGUAcgBzAGEAdABpAG8AbgAuAHAAZABmAA8AGgAMAE0AYQBjAGkAbgB0AG8AcwBoACAASABEABIATlVzZXJzL21pY2hhL0Rlc2t0b3AvZGF0YS9zeW5jL0xpdGVyYXR1cmUvR3JpY2VfMTk3NV9Mb2dpYyBhbmQgQ29udmVyc2F0aW9uLnBkZgATAAEvAAAVAAIADP//AACABtIbHB0eWiRjbGFzc25hbWVYJGNsYXNzZXNdTlNNdXRhYmxlRGF0YaMdHyBWTlNEYXRhWE5TT2JqZWN00hscIiNcTlNEaWN0aW9uYXJ5oiIgXxAPTlNLZXllZEFyY2hpdmVy0SYnVHJvb3SAAQAIABEAGgAjAC0AMgA3AEAARgBNAFUAYABnAGoAbABuAHEAcwB1AHcAhACOAM4A0wDbAucC6QLuAvkDAgMQAxQDGwMkAykDNgM5A0sDTgNTAAAAAAAAAgEAAAAAAAAAKAAAAAAAAAAAAAAAAAAAA1U=},
	Bdsk-File-2 = {YnBsaXN0MDDUAQIDBAUGJCVYJHZlcnNpb25YJG9iamVjdHNZJGFyY2hpdmVyVCR0b3ASAAGGoKgHCBMUFRYaIVUkbnVsbNMJCgsMDxJXTlMua2V5c1pOUy5vYmplY3RzViRjbGFzc6INDoACgAOiEBGABIAFgAdccmVsYXRpdmVQYXRoWWFsaWFzRGF0YV8QPi4uL2RhdGEvc3luYy9MaXRlcmF0dXJlL0dyaWNlXzE5NzVfTG9naWMgYW5kIENvbnZlcnNhdGlvbmEucGRm0hcLGBlXTlMuZGF0YU8RAgwAAAAAAgwAAgAADE1hY2ludG9zaCBIRAAAAAAAAAAAAAAAAAAAAM/URuZIKwAAAAx7tR9HcmljZV8xOTc1X0xvZ2ljIGFuZCAjQzdDRjMucGRmAAAAAAAAAAAAAAAAAAAAAAAAAAAAAAAAAAAAAAAAAAAADHzzyWOykgAAAAAAAAAAAAEABAAACSAAAAAAAAAAAAAAAAAAAAAKTGl0ZXJhdHVyZQAQAAgAAM/UKsYAAAARAAgAAMljpIIAAAABABgADHu1AAx7OwALqGYACryJAAk+CAACZvkAAgBbTWFjaW50b3NoIEhEOlVzZXJzOgBtaWNoYToARGVza3RvcDoAZGF0YToAc3luYzoATGl0ZXJhdHVyZToAR3JpY2VfMTk3NV9Mb2dpYyBhbmQgI0M3Q0YzLnBkZgAADgBOACYARwByAGkAYwBlAF8AMQA5ADcANQBfAEwAbwBnAGkAYwAgAGEAbgBkACAAQwBvAG4AdgBlAHIAcwBhAHQAaQBvAG4AYQAuAHAAZABmAA8AGgAMAE0AYQBjAGkAbgB0AG8AcwBoACAASABEABIAT1VzZXJzL21pY2hhL0Rlc2t0b3AvZGF0YS9zeW5jL0xpdGVyYXR1cmUvR3JpY2VfMTk3NV9Mb2dpYyBhbmQgQ29udmVyc2F0aW9uYS5wZGYAABMAAS8AABUAAgAM//8AAIAG0hscHR5aJGNsYXNzbmFtZVgkY2xhc3Nlc11OU011dGFibGVEYXRhox0fIFZOU0RhdGFYTlNPYmplY3TSGxwiI1xOU0RpY3Rpb25hcnmiIiBfEA9OU0tleWVkQXJjaGl2ZXLRJidUcm9vdIABAAgAEQAaACMALQAyADcAQABGAE0AVQBgAGcAagBsAG4AcQBzAHUAdwCEAI4AzwDUANwC7ALuAvMC/gMHAxUDGQMgAykDLgM7Az4DUANTA1gAAAAAAAACAQAAAAAAAAAoAAAAAAAAAAAAAAAAAAADWg==}}

@incollection{Vaissiere83,
	Address = {Berlin},
	Author = {J. Vaissi\`{e}re},
	Booktitle = {Prosody: Models and Measurements},
	Editor = {A. Cutler and D.R. Ladd},
	Pages = {53--66},
	Publisher = {Springer},
	Title = {Language-dependent prosodic features},
	Year = {1983}}

@article{Steinhauer01,
	Author = {K. Steinhauer and A.D. Friederici},
	Journal = {Journal of Psycholinguistic Research},
	Number = {1},
	Pages = {267--295},
	Title = {Prosodic boundaries, comma rules, and brain responses: The Closure Positive Shift in ERPs a universal marker for prosodic phrasing in listeners and readers},
	Volume = {30},
	Year = {2001}}

@article{Snedeker03,
	Author = {J. Snedeker and J.C. Trueswell},
	Journal = {Journal of Memory and Language},
	Pages = {103--130},
	Title = {Using Prosody to Avoid Ambiguity: {E}ffects of Speaker Awareness and Referential Context},
	Volume = {48},
	Year = {2003}}

@book{Augurzky06,
	Address = {Leipzig},
	Author = {Petra Augurzky},
	Series = {MPI Series in Human Cognitive and Brain Sciences},
	Title = {Attaching Relative Clauses in German: The Role of Implicit and Explicit Prosody in Sentence Processing},
	Volume = {77},
	Year = {2006}}

@article{Ippolito2010:Embedded-Implic,
	Author = {Michela Ippolito},
	Date-Added = {2012-05-23 14:57:47 +0000},
	Date-Modified = {2012-05-23 14:59:40 +0000},
	Doi = {10.3765/sp.3.5},
	Journal = {Semantics \& Pragmatics},
	Number = {5},
	Pages = {1--15},
	Title = {Embedded Implicatures? Remarks on the debate between globalist and localist theories},
	Volume = {3},
	Year = {2010},
	Bdsk-File-1 = {YnBsaXN0MDDUAQIDBAUGJCVYJHZlcnNpb25YJG9iamVjdHNZJGFyY2hpdmVyVCR0b3ASAAGGoKgHCBMUFRYaIVUkbnVsbNMJCgsMDxJXTlMua2V5c1pOUy5vYmplY3RzViRjbGFzc6INDoACgAOiEBGABIAFgAdccmVsYXRpdmVQYXRoWWFsaWFzRGF0YV8QdS4uL2RhdGEvc3luYy9MaXRlcmF0dXJlL0lwcG9saXRvXzIwMTBfRW1iZWRkZWQgSW1wbGljYXR1cmVzPyBSZW1hcmtzIG9uIHRoZSBkZWJhdGUgYmV0d2VlbiBnbG9iYWxpc3QgYW5kIGxvY2FsaXN0LnBkZtIXCxgZV05TLmRhdGFPEQKwAAAAAAKwAAIAAAxNYWNpbnRvc2ggSEQAAAAAAAAAAAAAAAAAAADP1EbmSCsAAAAMe7UfSXBwb2xpdG9fMjAxMF9FbWJlZGRlI0M3RDQzLnBkZgAAAAAAAAAAAAAAAAAAAAAAAAAAAAAAAAAAAAAAAAAAAAx9Q8vix/AAAAAAAAAAAAABAAQAAAkgAAAAAAAAAAAAAAAAAAAACkxpdGVyYXR1cmUAEAAIAADP1CrGAAAAEQAIAADL4qvQAAAAAQAYAAx7tQAMezsAC6hmAAq8iQAJPggAAmb5AAIAW01hY2ludG9zaCBIRDpVc2VyczoAbWljaGE6AERlc2t0b3A6AGRhdGE6AHN5bmM6AExpdGVyYXR1cmU6AElwcG9saXRvXzIwMTBfRW1iZWRkZSNDN0Q0My5wZGYAAA4AvABdAEkAcABwAG8AbABpAHQAbwBfADIAMAAxADAAXwBFAG0AYgBlAGQAZABlAGQAIABJAG0AcABsAGkAYwBhAHQAdQByAGUAcwA/ACAAUgBlAG0AYQByAGsAcwAgAG8AbgAgAHQAaABlACAAZABlAGIAYQB0AGUAIABiAGUAdAB3AGUAZQBuACAAZwBsAG8AYgBhAGwAaQBzAHQAIABhAG4AZAAgAGwAbwBjAGEAbABpAHMAdAAuAHAAZABmAA8AGgAMAE0AYQBjAGkAbgB0AG8AcwBoACAASABEABIAhlVzZXJzL21pY2hhL0Rlc2t0b3AvZGF0YS9zeW5jL0xpdGVyYXR1cmUvSXBwb2xpdG9fMjAxMF9FbWJlZGRlZCBJbXBsaWNhdHVyZXM/IFJlbWFya3Mgb24gdGhlIGRlYmF0ZSBiZXR3ZWVuIGdsb2JhbGlzdCBhbmQgbG9jYWxpc3QucGRmABMAAS8AABUAAgAM//8AAIAG0hscHR5aJGNsYXNzbmFtZVgkY2xhc3Nlc11OU011dGFibGVEYXRhox0fIFZOU0RhdGFYTlNPYmplY3TSGxwiI1xOU0RpY3Rpb25hcnmiIiBfEA9OU0tleWVkQXJjaGl2ZXLRJidUcm9vdIABAAgAEQAaACMALQAyADcAQABGAE0AVQBgAGcAagBsAG4AcQBzAHUAdwCEAI4BBgELARMDxwPJA84D2QPiA/AD9AP7BAQECQQWBBkEKwQuBDMAAAAAAAACAQAAAAAAAAAoAAAAAAAAAAAAAAAAAAAENQ==}}

@article{GeurtsPouscoulous2009:Embedded-Implic,
	Author = {Bart Geurts and Nausicaa Pouscoulous},
	Date-Added = {2010-10-18 10:01:39 +0200},
	Date-Modified = {2011-01-24 22:54:29 +0100},
	Doi = {doi:10.3765/sp.2.4},
	Journal = {Semantics \& Pragmatics},
	Number = {4},
	Pages = {1--34},
	Title = {Embedded Implicatures?!?},
	Volume = {2},
	Year = {2009},
	Bdsk-File-1 = {YnBsaXN0MDDUAQIDBAUGJCVYJHZlcnNpb25YJG9iamVjdHNZJGFyY2hpdmVyVCR0b3ASAAGGoKgHCBMUFRYaIVUkbnVsbNMJCgsMDxJXTlMua2V5c1pOUy5vYmplY3RzViRjbGFzc6INDoACgAOiEBGABIAFgAdccmVsYXRpdmVQYXRoWWFsaWFzRGF0YV8QSy4uL2RhdGEvc3luYy9MaXRlcmF0dXJlL0dldXJ0c1BvdXNjb3Vsb3VzXzIwMDlfRW1iZWRkZWQgSW1wbGljYXR1cmVzPyE/LnBkZtIXCxgZV05TLmRhdGFPEQIyAAAAAAIyAAIAAAxNYWNpbnRvc2ggSEQAAAAAAAAAAAAAAAAAAADP1EbmSCsAAAAMe7UfR2V1cnRzUG91c2NvdWxvdXNfMjAwI0M3Q0NBLnBkZgAAAAAAAAAAAAAAAAAAAAAAAAAAAAAAAAAAAAAAAAAAAAx8ysjiigsAAAAAAAAAAAABAAQAAAkgAAAAAAAAAAAAAAAAAAAACkxpdGVyYXR1cmUAEAAIAADP1CrGAAAAEQAIAADI4m3rAAAAAQAYAAx7tQAMezsAC6hmAAq8iQAJPggAAmb5AAIAW01hY2ludG9zaCBIRDpVc2VyczoAbWljaGE6AERlc2t0b3A6AGRhdGE6AHN5bmM6AExpdGVyYXR1cmU6AEdldXJ0c1BvdXNjb3Vsb3VzXzIwMCNDN0NDQS5wZGYAAA4AaAAzAEcAZQB1AHIAdABzAFAAbwB1AHMAYwBvAHUAbABvAHUAcwBfADIAMAAwADkAXwBFAG0AYgBlAGQAZABlAGQAIABJAG0AcABsAGkAYwBhAHQAdQByAGUAcwA/ACEAPwAuAHAAZABmAA8AGgAMAE0AYQBjAGkAbgB0AG8AcwBoACAASABEABIAXFVzZXJzL21pY2hhL0Rlc2t0b3AvZGF0YS9zeW5jL0xpdGVyYXR1cmUvR2V1cnRzUG91c2NvdWxvdXNfMjAwOV9FbWJlZGRlZCBJbXBsaWNhdHVyZXM/IT8ucGRmABMAAS8AABUAAgAM//8AAIAG0hscHR5aJGNsYXNzbmFtZVgkY2xhc3Nlc11OU011dGFibGVEYXRhox0fIFZOU0RhdGFYTlNPYmplY3TSGxwiI1xOU0RpY3Rpb25hcnmiIiBfEA9OU0tleWVkQXJjaGl2ZXLRJidUcm9vdIABAAgAEQAaACMALQAyADcAQABGAE0AVQBgAGcAagBsAG4AcQBzAHUAdwCEAI4A3ADhAOkDHwMhAyYDMQM6A0gDTANTA1wDYQNuA3EDgwOGA4sAAAAAAAACAQAAAAAAAAAoAAAAAAAAAAAAAAAAAAADjQ==}}

@article{Soames1982:How-Presupposit,
	Author = {Scott Soames},
	Date-Added = {2008-09-22 19:56:19 +0200},
	Date-Modified = {2008-09-22 19:57:28 +0200},
	Journal = {Linguistic Inquiry},
	Number = {3},
	Pages = {483--545},
	Title = {How Presuppositions are Inherited: A Solution to the Projection Problem},
	Volume = {13},
	Year = {1982}}

@incollection{Bader98,
	Address = {Dordrecht},
	Author = {M. Bader},
	Booktitle = {RReanalysis in Sentence Processing},
	Editor = {J.D. Fodor and F. Ferreira},
	Pages = {1--46},
	Publisher = {Kluwer},
	Title = {Prosodic influences on reading syntactically ambiguous sentences},
	Year = {1998}}

@article{Kraljik05,
	Author = {T. Kraljik and S.E. Brennan},
	Journal = {Cognitive Psychology},
	Pages = {194--231},
	Title = {Using prosody and optional words to disambiguate utterances: {F}or the speaker or for the addressee?},
	Volume = {50},
	Year = {2005}}

@article{Sauerland2012:The-Computation,
	Author = {Uli Sauerland},
	Date-Added = {2012-05-15 09:49:28 +0000},
	Date-Modified = {2012-05-20 09:13:39 +0000},
	Doi = {10.1002/lnc3.321},
	Journal = {Language and Linguistics Compass},
	Number = {1},
	Pages = {36--49},
	Title = {The Computation of Scalar Implicatures: {P}ragmatic, Lexical or Grammatical},
	Volume = {6},
	Year = {2012},
	Bdsk-File-1 = {YnBsaXN0MDDUAQIDBAUGJCVYJHZlcnNpb25YJG9iamVjdHNZJGFyY2hpdmVyVCR0b3ASAAGGoKgHCBMUFRYaIVUkbnVsbNMJCgsMDxJXTlMua2V5c1pOUy5vYmplY3RzViRjbGFzc6INDoACgAOiEBGABIAFgAdccmVsYXRpdmVQYXRoWWFsaWFzRGF0YV8Qcy4uL2RhdGEvc3luYy9MaXRlcmF0dXJlL1NhdWVybGFuZF8yMDExX1RoZSBDb21wdXRhdGlvbiBvZiBTY2FsYXIgSW1wbGljYXR1cmVzIFByYWdtYXRpYywgTGV4aWNhbCBvciBHcmFtbWF0aWNhbC5wZGbSFwsYGVdOUy5kYXRhTxECqgAAAAACqgACAAAMTWFjaW50b3NoIEhEAAAAAAAAAAAAAAAAAAAAz9RG5kgrAAAADHu1H1NhdWVybGFuZF8yMDExX1RoZSBDbyNDN0Y4My5wZGYAAAAAAAAAAAAAAAAAAAAAAAAAAAAAAAAAAAAAAAAAAAAMf4PL2JmRUERGIAAAAAAAAQAEAAAJIAAAAAAAAAAAAAAAAAAAAApMaXRlcmF0dXJlABAACAAAz9QqxgAAABEACAAAy9h9cQAAAAEAGAAMe7UADHs7AAuoZgAKvIkACT4IAAJm+QACAFtNYWNpbnRvc2ggSEQ6VXNlcnM6AG1pY2hhOgBEZXNrdG9wOgBkYXRhOgBzeW5jOgBMaXRlcmF0dXJlOgBTYXVlcmxhbmRfMjAxMV9UaGUgQ28jQzdGODMucGRmAAAOALgAWwBTAGEAdQBlAHIAbABhAG4AZABfADIAMAAxADEAXwBUAGgAZQAgAEMAbwBtAHAAdQB0AGEAdABpAG8AbgAgAG8AZgAgAFMAYwBhAGwAYQByACAASQBtAHAAbABpAGMAYQB0AHUAcgBlAHMAIABQAHIAYQBnAG0AYQB0AGkAYwAsACAATABlAHgAaQBjAGEAbAAgAG8AcgAgAEcAcgBhAG0AbQBhAHQAaQBjAGEAbAAuAHAAZABmAA8AGgAMAE0AYQBjAGkAbgB0AG8AcwBoACAASABEABIAhFVzZXJzL21pY2hhL0Rlc2t0b3AvZGF0YS9zeW5jL0xpdGVyYXR1cmUvU2F1ZXJsYW5kXzIwMTFfVGhlIENvbXB1dGF0aW9uIG9mIFNjYWxhciBJbXBsaWNhdHVyZXMgUHJhZ21hdGljLCBMZXhpY2FsIG9yIEdyYW1tYXRpY2FsLnBkZgATAAEvAAAVAAIADP//AACABtIbHB0eWiRjbGFzc25hbWVYJGNsYXNzZXNdTlNNdXRhYmxlRGF0YaMdHyBWTlNEYXRhWE5TT2JqZWN00hscIiNcTlNEaWN0aW9uYXJ5oiIgXxAPTlNLZXllZEFyY2hpdmVy0SYnVHJvb3SAAQAIABEAGgAjAC0AMgA3AEAARgBNAFUAYABnAGoAbABuAHEAcwB1AHcAhACOAQQBCQERA78DwQPGA9ED2gPoA+wD8wP8BAEEDgQRBCMEJgQrAAAAAAAAAgEAAAAAAAAAKAAAAAAAAAAAAAAAAAAABC0=}}

@article{Steinhauer99,
	Author = {K. Steinhauer and K. Alter and A.D. Friederici},
	Journal = {Nature Neuroscience},
	Pages = {191-196},
	Title = {Brain potentials indicate the immediate use of prosodic cues in natural speech processing},
	Volume = {2},
	Year = {1999}}

@article{Beach1991,
	Author = {C. M. Beach},
	Date-Modified = {2016-03-15 12:53:59 +0000},
	Journal = {Journal of Memory and Language},
	Pages = {644--663},
	Title = {The interpretation of prosodic patterns at points of syntactic structure ambiguity. Evidence for cue trading relations},
	Volume = {30},
	Year = {1991}}

@inproceedings{DegenTanenhaus2011:Making-Inferenc,
	Author = {Judith Degen and Michael K. Tanenhaus},
	Booktitle = {Proceedings of the 33\textsuperscript{rd} Annual Conference of the Cognitive Science Society},
	Date-Added = {2012-12-27 10:20:17 +0000},
	Date-Modified = {2012-12-27 10:22:42 +0000},
	Editor = {L. Carlson and C. H{\"o}lscher and T. Shipley},
	Pages = {3299--3304},
	Title = {Making Inferences: {T}he Case of Scalar Implicature Processing},
	Year = {2011},
	Bdsk-File-1 = {YnBsaXN0MDDUAQIDBAUGJCVYJHZlcnNpb25YJG9iamVjdHNZJGFyY2hpdmVyVCR0b3ASAAGGoKgHCBMUFRYaIVUkbnVsbNMJCgsMDxJXTlMua2V5c1pOUy5vYmplY3RzViRjbGFzc6INDoACgAOiEBGABIAFgAdccmVsYXRpdmVQYXRoWWFsaWFzRGF0YV8Qay4uL2RhdGEvc3luYy9MaXRlcmF0dXJlL0RlZ2VuVGFuZW5oYXVzXzIwMTFfTWFraW5nIEluZmVyZW5jZXMgVGhlIENhc2Ugb2YgU2NhbGFyIEltcGxpY2F0dXJlIFByb2Nlc3NpbmcucGRm0hcLGBlXTlMuZGF0YU8RApIAAAAAApIAAgAADE1hY2ludG9zaCBIRAAAAAAAAAAAAAAAAAAAAM/URuZIKwAAAAx7tR9EZWdlblRhbmVuaGF1c18yMDExX00jQzdDNjcucGRmAAAAAAAAAAAAAAAAAAAAAAAAAAAAAAAAAAAAAAAAAAAADHxnzQHfbQAAAAAAAAAAAAEABAAACSAAAAAAAAAAAAAAAAAAAAAKTGl0ZXJhdHVyZQAQAAgAAM/UKsYAAAARAAgAAM0B0V0AAAABABgADHu1AAx7OwALqGYACryJAAk+CAACZvkAAgBbTWFjaW50b3NoIEhEOlVzZXJzOgBtaWNoYToARGVza3RvcDoAZGF0YToAc3luYzoATGl0ZXJhdHVyZToARGVnZW5UYW5lbmhhdXNfMjAxMV9NI0M3QzY3LnBkZgAADgCoAFMARABlAGcAZQBuAFQAYQBuAGUAbgBoAGEAdQBzAF8AMgAwADEAMQBfAE0AYQBrAGkAbgBnACAASQBuAGYAZQByAGUAbgBjAGUAcwAgAFQAaABlACAAQwBhAHMAZQAgAG8AZgAgAFMAYwBhAGwAYQByACAASQBtAHAAbABpAGMAYQB0AHUAcgBlACAAUAByAG8AYwBlAHMAcwBpAG4AZwAuAHAAZABmAA8AGgAMAE0AYQBjAGkAbgB0AG8AcwBoACAASABEABIAfFVzZXJzL21pY2hhL0Rlc2t0b3AvZGF0YS9zeW5jL0xpdGVyYXR1cmUvRGVnZW5UYW5lbmhhdXNfMjAxMV9NYWtpbmcgSW5mZXJlbmNlcyBUaGUgQ2FzZSBvZiBTY2FsYXIgSW1wbGljYXR1cmUgUHJvY2Vzc2luZy5wZGYAEwABLwAAFQACAAz//wAAgAbSGxwdHlokY2xhc3NuYW1lWCRjbGFzc2VzXU5TTXV0YWJsZURhdGGjHR8gVk5TRGF0YVhOU09iamVjdNIbHCIjXE5TRGljdGlvbmFyeaIiIF8QD05TS2V5ZWRBcmNoaXZlctEmJ1Ryb290gAEACAARABoAIwAtADIANwBAAEYATQBVAGAAZwBqAGwAbgBxAHMAdQB3AIQAjgD8AQEBCQOfA6EDpgOxA7oDyAPMA9MD3APhA+4D8QQDBAYECwAAAAAAAAIBAAAAAAAAACgAAAAAAAAAAAAAAAAAAAQN}}

@article{Magri2009:A-Theory-of-Ind,
	Author = {Giorgio Magri},
	Date-Added = {2011-05-05 15:49:52 +0200},
	Date-Modified = {2011-05-05 15:50:45 +0200},
	Doi = {10.1007/s11050-009-9042-x},
	Journal = {Natural Language Semantics},
	Pages = {245--297},
	Title = {A Theory of Individual-Level Predicates on Blind Mandatory Scalar Implicatures},
	Volume = {17},
	Year = {2009},
	Bdsk-File-1 = {YnBsaXN0MDDUAQIDBAUGJCVYJHZlcnNpb25YJG9iamVjdHNZJGFyY2hpdmVyVCR0b3ASAAGGoKgHCBMUFRYaIVUkbnVsbNMJCgsMDxJXTlMua2V5c1pOUy5vYmplY3RzViRjbGFzc6INDoACgAOiEBGABIAFgAdccmVsYXRpdmVQYXRoWWFsaWFzRGF0YV8QdS4uL2RhdGEvc3luYy9MaXRlcmF0dXJlL01hZ3JpXzIwMDlfQSBUaGVvcnkgb2YgSW5kaXZpZHVhbC1MZXZlbCBQcmVkaWNhdGVzIG9uIEJsaW5kIE1hbmRhdG9yeSBTY2FsYXIgSW1wbGljYXR1cmVzLnBkZtIXCxgZV05TLmRhdGFPEQKwAAAAAAKwAAIAAAxNYWNpbnRvc2ggSEQAAAAAAAAAAAAAAAAAAADP1EbmSCsAAAAMe7UfTWFncmlfMjAwOV9BIFRoZW9yeSBvI0M3REMzLnBkZgAAAAAAAAAAAAAAAAAAAAAAAAAAAAAAAAAAAAAAAAAAAAx9w8ntnM4AAAAAAAAAAAABAAQAAAkgAAAAAAAAAAAAAAAAAAAACkxpdGVyYXR1cmUAEAAIAADP1CrGAAAAEQAIAADJ7YCuAAAAAQAYAAx7tQAMezsAC6hmAAq8iQAJPggAAmb5AAIAW01hY2ludG9zaCBIRDpVc2VyczoAbWljaGE6AERlc2t0b3A6AGRhdGE6AHN5bmM6AExpdGVyYXR1cmU6AE1hZ3JpXzIwMDlfQSBUaGVvcnkgbyNDN0RDMy5wZGYAAA4AvABdAE0AYQBnAHIAaQBfADIAMAAwADkAXwBBACAAVABoAGUAbwByAHkAIABvAGYAIABJAG4AZABpAHYAaQBkAHUAYQBsAC0ATABlAHYAZQBsACAAUAByAGUAZABpAGMAYQB0AGUAcwAgAG8AbgAgAEIAbABpAG4AZAAgAE0AYQBuAGQAYQB0AG8AcgB5ACAAUwBjAGEAbABhAHIAIABJAG0AcABsAGkAYwBhAHQAdQByAGUAcwAuAHAAZABmAA8AGgAMAE0AYQBjAGkAbgB0AG8AcwBoACAASABEABIAhlVzZXJzL21pY2hhL0Rlc2t0b3AvZGF0YS9zeW5jL0xpdGVyYXR1cmUvTWFncmlfMjAwOV9BIFRoZW9yeSBvZiBJbmRpdmlkdWFsLUxldmVsIFByZWRpY2F0ZXMgb24gQmxpbmQgTWFuZGF0b3J5IFNjYWxhciBJbXBsaWNhdHVyZXMucGRmABMAAS8AABUAAgAM//8AAIAG0hscHR5aJGNsYXNzbmFtZVgkY2xhc3Nlc11OU011dGFibGVEYXRhox0fIFZOU0RhdGFYTlNPYmplY3TSGxwiI1xOU0RpY3Rpb25hcnmiIiBfEA9OU0tleWVkQXJjaGl2ZXLRJidUcm9vdIABAAgAEQAaACMALQAyADcAQABGAE0AVQBgAGcAagBsAG4AcQBzAHUAdwCEAI4BBgELARMDxwPJA84D2QPiA/AD9AP7BAQECQQWBBkEKwQuBDMAAAAAAAACAQAAAAAAAAAoAAAAAAAAAAAAAAAAAAAENQ==}}

@book{Toepel06,
	Address = {Leipzig},
	Author = {Ulrike Toepel},
	Series = {MPI Series in Human Cognitive and Brain Sciences},
	Title = {Contrastive Topic and Focus Information in Discourse},
	Volume = {48},
	Year = {2006}}

@book{Rapp98,
	Address = {Stuttgart},
	Author = {S. Rapp},
	Series = {Arbeiten des Instituts f\"ur Maschinelle Sprachverarbeitung (AIMS)},
	Title = {Automatisierte Erstellung von Korpora f\"ur die Prosodieforschung},
	Volume = {4},
	Year = {1998}}

@article{vanRooijSchulz:ExhaustiveInterpretation,
	Author = {Katrin Schulz and {\SortNoop{Rooij}}van Rooij, Robert},
	Date-Modified = {2011-01-24 22:10:16 +0100},
	Doi = {DOI: 10.1007/s10988-005-3760-4},
	Journal = {Linguistics and Philosophy},
	Local-Url = {file://localhost/Users/micha/Desktop/data/sync/Literature/Rooijvan%20RooijSchulz_2006_Pragmatic%20Meaning%20and%20Non-monotonic%20Reasoning%20The%20Case%20of%20Exhaustive%20Interpretation.pdf},
	Pages = {205--250},
	Title = {Pragmatic Meaning and Non-monotonic Reasoning: The Case of Exhaustive Interpretation},
	Volume = {29},
	Year = 2006,
	Bdsk-File-1 = {YnBsaXN0MDDUAQIDBAUGJCVYJHZlcnNpb25YJG9iamVjdHNZJGFyY2hpdmVyVCR0b3ASAAGGoKgHCBMUFRYaIVUkbnVsbNMJCgsMDxJXTlMua2V5c1pOUy5vYmplY3RzViRjbGFzc6INDoACgAOiEBGABIAFgAdccmVsYXRpdmVQYXRoWWFsaWFzRGF0YV8QiS4uL2RhdGEvc3luYy9MaXRlcmF0dXJlL1Jvb2lqdmFuIFJvb2lqU2NodWx6XzIwMDZfUHJhZ21hdGljIE1lYW5pbmcgYW5kIE5vbi1tb25vdG9uaWMgUmVhc29uaW5nIFRoZSBDYXNlIG9mIEV4aGF1c3RpdmUgSW50ZXJwcmV0YXRpb24ucGRm0hcLGBlXTlMuZGF0YU8RAuwAAAAAAuwAAgAADE1hY2ludG9zaCBIRAAAAAAAAAAAAAAAAAAAAM/URuZIKwAAAAx7tR9Sb29panZhbiBSb29palNjaHVsel8jQzdGNTYucGRmAAAAAAAAAAAAAAAAAAAAAAAAAAAAAAAAAAAAAAAAAAAADH9WxH7w9gAAAAAAAAAAAAEABAAACSAAAAAAAAAAAAAAAAAAAAAKTGl0ZXJhdHVyZQAQAAgAAM/UKsYAAAARAAgAAMR+1NYAAAABABgADHu1AAx7OwALqGYACryJAAk+CAACZvkAAgBbTWFjaW50b3NoIEhEOlVzZXJzOgBtaWNoYToARGVza3RvcDoAZGF0YToAc3luYzoATGl0ZXJhdHVyZToAUm9vaWp2YW4gUm9vaWpTY2h1bHpfI0M3RjU2LnBkZgAADgDkAHEAUgBvAG8AaQBqAHYAYQBuACAAUgBvAG8AaQBqAFMAYwBoAHUAbAB6AF8AMgAwADAANgBfAFAAcgBhAGcAbQBhAHQAaQBjACAATQBlAGEAbgBpAG4AZwAgAGEAbgBkACAATgBvAG4ALQBtAG8AbgBvAHQAbwBuAGkAYwAgAFIAZQBhAHMAbwBuAGkAbgBnACAAVABoAGUAIABDAGEAcwBlACAAbwBmACAARQB4AGgAYQB1AHMAdABpAHYAZQAgAEkAbgB0AGUAcgBwAHIAZQB0AGEAdABpAG8AbgAuAHAAZABmAA8AGgAMAE0AYQBjAGkAbgB0AG8AcwBoACAASABEABIAmlVzZXJzL21pY2hhL0Rlc2t0b3AvZGF0YS9zeW5jL0xpdGVyYXR1cmUvUm9vaWp2YW4gUm9vaWpTY2h1bHpfMjAwNl9QcmFnbWF0aWMgTWVhbmluZyBhbmQgTm9uLW1vbm90b25pYyBSZWFzb25pbmcgVGhlIENhc2Ugb2YgRXhoYXVzdGl2ZSBJbnRlcnByZXRhdGlvbi5wZGYAEwABLwAAFQACAAz//wAAgAbSGxwdHlokY2xhc3NuYW1lWCRjbGFzc2VzXU5TTXV0YWJsZURhdGGjHR8gVk5TRGF0YVhOU09iamVjdNIbHCIjXE5TRGljdGlvbmFyeaIiIF8QD05TS2V5ZWRBcmNoaXZlctEmJ1Ryb290gAEACAARABoAIwAtADIANwBAAEYATQBVAGAAZwBqAGwAbgBxAHMAdQB3AIQAjgEaAR8BJwQXBBkEHgQpBDIEQAREBEsEVARZBGYEaQR7BH4EgwAAAAAAAAIBAAAAAAAAACgAAAAAAAAAAAAAAAAAAASF}}

@incollection{Spector2006:Scalar-Implicat,
	Address = {Amsterdam, Singapore},
	Author = {Benjamin Spector},
	Booktitle = {Questions in Dynamic Semantics},
	Date-Added = {2008-06-17 18:20:11 +0200},
	Date-Modified = {2011-01-21 10:24:42 +0100},
	Editor = {Maria Aloni and Alistair Butler and Paul Dekker},
	Local-Url = {file://localhost/Users/micha/Desktop/data/sync/Literature/Spector_2006_Scalar%20Implicatures%20Exhaustivity%20and%20Gricean%20Reasoning.pdf},
	Pages = {229--254},
	Publisher = {Elsevier},
	Title = {Scalar Implicatures: Exhaustivity and Gricean Reasoning},
	Year = {2006},
	Bdsk-File-1 = {YnBsaXN0MDDUAQIDBAUGJCVYJHZlcnNpb25YJG9iamVjdHNZJGFyY2hpdmVyVCR0b3ASAAGGoKgHCBMUFRYaIVUkbnVsbNMJCgsMDxJXTlMua2V5c1pOUy5vYmplY3RzViRjbGFzc6INDoACgAOiEBGABIAFgAdccmVsYXRpdmVQYXRoWWFsaWFzRGF0YV8QXy4uL2RhdGEvc3luYy9MaXRlcmF0dXJlL1NwZWN0b3JfMjAwNl9TY2FsYXIgSW1wbGljYXR1cmVzIEV4aGF1c3Rpdml0eSBhbmQgR3JpY2VhbiBSZWFzb25pbmcucGRm0hcLGBlXTlMuZGF0YU8RAm4AAAAAAm4AAgAADE1hY2ludG9zaCBIRAAAAAAAAAAAAAAAAAAAAM/URuZIKwAAAAx7tR9TcGVjdG9yXzIwMDZfU2NhbGFyIEkjQzdGQzcucGRmAAAAAAAAAAAAAAAAAAAAAAAAAAAAAAAAAAAAAAAAAAAADH/HxH3cfQAAAAAAAAAAAAEABAAACSAAAAAAAAAAAAAAAAAAAAAKTGl0ZXJhdHVyZQAQAAgAAM/UKsYAAAARAAgAAMR9wF0AAAABABgADHu1AAx7OwALqGYACryJAAk+CAACZvkAAgBbTWFjaW50b3NoIEhEOlVzZXJzOgBtaWNoYToARGVza3RvcDoAZGF0YToAc3luYzoATGl0ZXJhdHVyZToAU3BlY3Rvcl8yMDA2X1NjYWxhciBJI0M3RkM3LnBkZgAADgCQAEcAUwBwAGUAYwB0AG8AcgBfADIAMAAwADYAXwBTAGMAYQBsAGEAcgAgAEkAbQBwAGwAaQBjAGEAdAB1AHIAZQBzACAARQB4AGgAYQB1AHMAdABpAHYAaQB0AHkAIABhAG4AZAAgAEcAcgBpAGMAZQBhAG4AIABSAGUAYQBzAG8AbgBpAG4AZwAuAHAAZABmAA8AGgAMAE0AYQBjAGkAbgB0AG8AcwBoACAASABEABIAcFVzZXJzL21pY2hhL0Rlc2t0b3AvZGF0YS9zeW5jL0xpdGVyYXR1cmUvU3BlY3Rvcl8yMDA2X1NjYWxhciBJbXBsaWNhdHVyZXMgRXhoYXVzdGl2aXR5IGFuZCBHcmljZWFuIFJlYXNvbmluZy5wZGYAEwABLwAAFQACAAz//wAAgAbSGxwdHlokY2xhc3NuYW1lWCRjbGFzc2VzXU5TTXV0YWJsZURhdGGjHR8gVk5TRGF0YVhOU09iamVjdNIbHCIjXE5TRGljdGlvbmFyeaIiIF8QD05TS2V5ZWRBcmNoaXZlctEmJ1Ryb290gAEACAARABoAIwAtADIANwBAAEYATQBVAGAAZwBqAGwAbgBxAHMAdQB3AIQAjgDwAPUA/QNvA3EDdgOBA4oDmAOcA6MDrAOxA74DwQPTA9YD2wAAAAAAAAIBAAAAAAAAACgAAAAAAAAAAAAAAAAAAAPd}}

@article{BreenWatson2011:Intonational-ph,
	Author = {Mara Breen and Duane G. Watson and Edward Gibson},
	Date-Added = {2014-09-01 09:00:03 +0000},
	Date-Modified = {2014-09-01 09:01:15 +0000},
	Doi = {10.1080/01690965.2010.508878},
	Journal = {Language and Cognitive Processes},
	Pages = {1532--1562},
	Title = {Intonational phrasing is constrained by meaning, not balance},
	Year = {2011},
	Bdsk-File-1 = {YnBsaXN0MDDUAQIDBAUGJCVYJHZlcnNpb25YJG9iamVjdHNZJGFyY2hpdmVyVCR0b3ASAAGGoKgHCBMUFRYaIVUkbnVsbNMJCgsMDxJXTlMua2V5c1pOUy5vYmplY3RzViRjbGFzc6INDoACgAOiEBGABIAFgAdccmVsYXRpdmVQYXRoWWFsaWFzRGF0YV8QaS4uL2RhdGEvc3luYy9MaXRlcmF0dXJlL0JyZWVuV2F0c29uXzIwMTFfSW50b25hdGlvbmFsIHBocmFzaW5nIGlzIGNvbnN0cmFpbmVkIGJ5IG1lYW5pbmcsIG5vdCBiYWxhbmNlLnBkZtIXCxgZV05TLmRhdGFPEQKMAAAAAAKMAAIAAAxNYWNpbnRvc2ggSEQAAAAAAAAAAAAAAAAAAADP1EbmSCsAAAAMe7UfQnJlZW5XYXRzb25fMjAxMV9JbnQjMjI4N0I1LnBkZgAAAAAAAAAAAAAAAAAAAAAAAAAAAAAAAAAAAAAAAAAAACKHtdArW1gAAAAAAAAAAAABAAQAAAkgAAAAAAAAAAAAAAAAAAAACkxpdGVyYXR1cmUAEAAIAADP1CrGAAAAEQAIAADQKz84AAAAAQAYAAx7tQAMezsAC6hmAAq8iQAJPggAAmb5AAIAW01hY2ludG9zaCBIRDpVc2VyczoAbWljaGE6AERlc2t0b3A6AGRhdGE6AHN5bmM6AExpdGVyYXR1cmU6AEJyZWVuV2F0c29uXzIwMTFfSW50IzIyODdCNS5wZGYAAA4ApABRAEIAcgBlAGUAbgBXAGEAdABzAG8AbgBfADIAMAAxADEAXwBJAG4AdABvAG4AYQB0AGkAbwBuAGEAbAAgAHAAaAByAGEAcwBpAG4AZwAgAGkAcwAgAGMAbwBuAHMAdAByAGEAaQBuAGUAZAAgAGIAeQAgAG0AZQBhAG4AaQBuAGcALAAgAG4AbwB0ACAAYgBhAGwAYQBuAGMAZQAuAHAAZABmAA8AGgAMAE0AYQBjAGkAbgB0AG8AcwBoACAASABEABIAelVzZXJzL21pY2hhL0Rlc2t0b3AvZGF0YS9zeW5jL0xpdGVyYXR1cmUvQnJlZW5XYXRzb25fMjAxMV9JbnRvbmF0aW9uYWwgcGhyYXNpbmcgaXMgY29uc3RyYWluZWQgYnkgbWVhbmluZywgbm90IGJhbGFuY2UucGRmABMAAS8AABUAAgAM//8AAIAG0hscHR5aJGNsYXNzbmFtZVgkY2xhc3Nlc11OU011dGFibGVEYXRhox0fIFZOU0RhdGFYTlNPYmplY3TSGxwiI1xOU0RpY3Rpb25hcnmiIiBfEA9OU0tleWVkQXJjaGl2ZXLRJidUcm9vdIABAAgAEQAaACMALQAyADcAQABGAE0AVQBgAGcAagBsAG4AcQBzAHUAdwCEAI4A+gD/AQcDlwOZA54DqQOyA8ADxAPLA9QD2QPmA+kD+wP+BAMAAAAAAAACAQAAAAAAAAAoAAAAAAAAAAAAAAAAAAAEBQ==}}

@inproceedings{Fodor02,
	Address = {Amherst: GSLA, University of Massachusetts},
	Author = {Janet Dean Fodor},
	Booktitle = {Proceedings of the North East Linguistic Society},
	Pages = {113--132},
	Title = {Prosodic disambiguation in silent reading},
	Year = {2002}}

@book{Uhmann91,
	Address = {T\"ubingen},
	Author = {Susanne Uhmann},
	Publisher = {Niemeyer},
	Title = {Fokusphonologie},
	Year = {1991}}

@article{Allbritton96,
	Author = {D.W. Allbritton and G. McKoon and R. Ratcliff},
	Journal = {Journal of Experimental Psychology: Learning, Memory and Cognition},
	Number = {3},
	Pages = {714--735},
	Title = {Reliability of prosodic cues for resolving syntactic ambiguities},
	Volume = {22},
	Year = {1996}}

@book{Geurts2010:Quantity-Implic,
	Address = {Cambridge, UK},
	Author = {Bart Geurts},
	Date-Added = {2010-08-26 16:27:47 +0200},
	Date-Modified = {2012-11-25 21:01:06 +0000},
	Publisher = {Cambridge University Press},
	Title = {Quantity Implicatures},
	Year = {2010},
	Bdsk-File-1 = {YnBsaXN0MDDUAQIDBAUGJCVYJHZlcnNpb25YJG9iamVjdHNZJGFyY2hpdmVyVCR0b3ASAAGGoKgHCBMUFRYaIVUkbnVsbNMJCgsMDxJXTlMua2V5c1pOUy5vYmplY3RzViRjbGFzc6INDoACgAOiEBGABIAFgAdccmVsYXRpdmVQYXRoWWFsaWFzRGF0YV8QPS4uL2RhdGEvc3luYy9MaXRlcmF0dXJlL0dldXJ0c18yMDEwX1F1YW50aXR5IEltcGxpY2F0dXJlcy5wZGbSFwsYGVdOUy5kYXRhTxECCAAAAAACCAACAAAMTWFjaW50b3NoIEhEAAAAAAAAAAAAAAAAAAAAz9RG5kgrAAAADHu1H0dldXJ0c18yMDEwX1F1YW50aXR5ICNDN0NEMC5wZGYAAAAAAAAAAAAAAAAAAAAAAAAAAAAAAAAAAAAAAAAAAAAMfNDInJDPAAAAAAAAAAAAAQAEAAAJIAAAAAAAAAAAAAAAAAAAAApMaXRlcmF0dXJlABAACAAAz9QqxgAAABEACAAAyJx0rwAAAAEAGAAMe7UADHs7AAuoZgAKvIkACT4IAAJm+QACAFtNYWNpbnRvc2ggSEQ6VXNlcnM6AG1pY2hhOgBEZXNrdG9wOgBkYXRhOgBzeW5jOgBMaXRlcmF0dXJlOgBHZXVydHNfMjAxMF9RdWFudGl0eSAjQzdDRDAucGRmAAAOAEwAJQBHAGUAdQByAHQAcwBfADIAMAAxADAAXwBRAHUAYQBuAHQAaQB0AHkAIABJAG0AcABsAGkAYwBhAHQAdQByAGUAcwAuAHAAZABmAA8AGgAMAE0AYQBjAGkAbgB0AG8AcwBoACAASABEABIATlVzZXJzL21pY2hhL0Rlc2t0b3AvZGF0YS9zeW5jL0xpdGVyYXR1cmUvR2V1cnRzXzIwMTBfUXVhbnRpdHkgSW1wbGljYXR1cmVzLnBkZgATAAEvAAAVAAIADP//AACABtIbHB0eWiRjbGFzc25hbWVYJGNsYXNzZXNdTlNNdXRhYmxlRGF0YaMdHyBWTlNEYXRhWE5TT2JqZWN00hscIiNcTlNEaWN0aW9uYXJ5oiIgXxAPTlNLZXllZEFyY2hpdmVy0SYnVHJvb3SAAQAIABEAGgAjAC0AMgA3AEAARgBNAFUAYABnAGoAbABuAHEAcwB1AHcAhACOAM4A0wDbAucC6QLuAvkDAgMQAxQDGwMkAykDNgM5A0sDTgNTAAAAAAAAAgEAAAAAAAAAKAAAAAAAAAAAAAAAAAAAA1U=}}

@phdthesis{Conroy2008:The-Role-of-Ver,
	Author = {Anastasia Marie Conroy},
	Date-Added = {2013-06-17 14:21:20 +0000},
	Date-Modified = {2013-06-17 14:22:52 +0000},
	School = {University of Maryland},
	Title = {The Role of Verification Strategies in Semantic Ambiguity Resolution in Children and Adults},
	Year = {2008},
	Bdsk-File-1 = {YnBsaXN0MDDUAQIDBAUGJCVYJHZlcnNpb25YJG9iamVjdHNZJGFyY2hpdmVyVCR0b3ASAAGGoKgHCBMUFRYaIVUkbnVsbNMJCgsMDxJXTlMua2V5c1pOUy5vYmplY3RzViRjbGFzc6INDoACgAOiEBGABIAFgAdccmVsYXRpdmVQYXRoWWFsaWFzRGF0YV8QeC4uL2RhdGEvc3luYy9MaXRlcmF0dXJlL0NvbnJveV8yMDA4X1RoZSBSb2xlIG9mIFZlcmlmaWNhdGlvbiBTdHJhdGVnaWVzIGluIFNlbWFudGljIEFtYmlndWl0eSBSZXNvbHV0aW9uIGluIENoaWxkcmVuLnBkZtIXCxgZV05TLmRhdGFPEQK6AAAAAAK6AAIAAAxNYWNpbnRvc2ggSEQAAAAAAAAAAAAAAAAAAADP1EbmSCsAAAAMe7UfQ29ucm95XzIwMDhfVGhlIFJvbGUgI0M3QzRBLnBkZgAAAAAAAAAAAAAAAAAAAAAAAAAAAAAAAAAAAAAAAAAAAAx8Ss3fLh8AAAAAAAAAAAABAAQAAAkgAAAAAAAAAAAAAAAAAAAACkxpdGVyYXR1cmUAEAAIAADP1CrGAAAAEQAIAADN3xH/AAAAAQAYAAx7tQAMezsAC6hmAAq8iQAJPggAAmb5AAIAW01hY2ludG9zaCBIRDpVc2VyczoAbWljaGE6AERlc2t0b3A6AGRhdGE6AHN5bmM6AExpdGVyYXR1cmU6AENvbnJveV8yMDA4X1RoZSBSb2xlICNDN0M0QS5wZGYAAA4AwgBgAEMAbwBuAHIAbwB5AF8AMgAwADAAOABfAFQAaABlACAAUgBvAGwAZQAgAG8AZgAgAFYAZQByAGkAZgBpAGMAYQB0AGkAbwBuACAAUwB0AHIAYQB0AGUAZwBpAGUAcwAgAGkAbgAgAFMAZQBtAGEAbgB0AGkAYwAgAEEAbQBiAGkAZwB1AGkAdAB5ACAAUgBlAHMAbwBsAHUAdABpAG8AbgAgAGkAbgAgAEMAaABpAGwAZAByAGUAbgAuAHAAZABmAA8AGgAMAE0AYQBjAGkAbgB0AG8AcwBoACAASABEABIAiVVzZXJzL21pY2hhL0Rlc2t0b3AvZGF0YS9zeW5jL0xpdGVyYXR1cmUvQ29ucm95XzIwMDhfVGhlIFJvbGUgb2YgVmVyaWZpY2F0aW9uIFN0cmF0ZWdpZXMgaW4gU2VtYW50aWMgQW1iaWd1aXR5IFJlc29sdXRpb24gaW4gQ2hpbGRyZW4ucGRmAAATAAEvAAAVAAIADP//AACABtIbHB0eWiRjbGFzc25hbWVYJGNsYXNzZXNdTlNNdXRhYmxlRGF0YaMdHyBWTlNEYXRhWE5TT2JqZWN00hscIiNcTlNEaWN0aW9uYXJ5oiIgXxAPTlNLZXllZEFyY2hpdmVy0SYnVHJvb3SAAQAIABEAGgAjAC0AMgA3AEAARgBNAFUAYABnAGoAbABuAHEAcwB1AHcAhACOAQkBDgEWA9QD1gPbA+YD7wP9BAEECAQRBBYEIwQmBDgEOwRAAAAAAAAAAgEAAAAAAAAAKAAAAAAAAAAAAAAAAAAABEI=},
	Bdsk-File-2 = {YnBsaXN0MDDUAQIDBAUGJCVYJHZlcnNpb25YJG9iamVjdHNZJGFyY2hpdmVyVCR0b3ASAAGGoKgHCBMUFRYaIVUkbnVsbNMJCgsMDxJXTlMua2V5c1pOUy5vYmplY3RzViRjbGFzc6INDoACgAOiEBGABIAFgAdccmVsYXRpdmVQYXRoWWFsaWFzRGF0YV8QeS4uL2RhdGEvc3luYy9MaXRlcmF0dXJlL0NvbnJveV8yMDA4X1RoZSBSb2xlIG9mIFZlcmlmaWNhdGlvbiBTdHJhdGVnaWVzIGluIFNlbWFudGljIEFtYmlndWl0eSBSZXNvbHV0aW9uIGluIENoaWxkcmVuYS5wZGbSFwsYGVdOUy5kYXRhTxECvAAAAAACvAACAAAMTWFjaW50b3NoIEhEAAAAAAAAAAAAAAAAAAAAz9RG5kgrAAAADHu1H0NvbnJveV8yMDA4X1RoZSBSb2xlICNDN0M0Qi5wZGYAAAAAAAAAAAAAAAAAAAAAAAAAAAAAAAAAAAAAAAAAAAAMfEvN5OivAAAAAAAAAAAAAQAEAAAJIAAAAAAAAAAAAAAAAAAAAApMaXRlcmF0dXJlABAACAAAz9QqxgAAABEACAAAzeTMjwAAAAEAGAAMe7UADHs7AAuoZgAKvIkACT4IAAJm+QACAFtNYWNpbnRvc2ggSEQ6VXNlcnM6AG1pY2hhOgBEZXNrdG9wOgBkYXRhOgBzeW5jOgBMaXRlcmF0dXJlOgBDb25yb3lfMjAwOF9UaGUgUm9sZSAjQzdDNEIucGRmAAAOAMQAYQBDAG8AbgByAG8AeQBfADIAMAAwADgAXwBUAGgAZQAgAFIAbwBsAGUAIABvAGYAIABWAGUAcgBpAGYAaQBjAGEAdABpAG8AbgAgAFMAdAByAGEAdABlAGcAaQBlAHMAIABpAG4AIABTAGUAbQBhAG4AdABpAGMAIABBAG0AYgBpAGcAdQBpAHQAeQAgAFIAZQBzAG8AbAB1AHQAaQBvAG4AIABpAG4AIABDAGgAaQBsAGQAcgBlAG4AYQAuAHAAZABmAA8AGgAMAE0AYQBjAGkAbgB0AG8AcwBoACAASABEABIAilVzZXJzL21pY2hhL0Rlc2t0b3AvZGF0YS9zeW5jL0xpdGVyYXR1cmUvQ29ucm95XzIwMDhfVGhlIFJvbGUgb2YgVmVyaWZpY2F0aW9uIFN0cmF0ZWdpZXMgaW4gU2VtYW50aWMgQW1iaWd1aXR5IFJlc29sdXRpb24gaW4gQ2hpbGRyZW5hLnBkZgATAAEvAAAVAAIADP//AACABtIbHB0eWiRjbGFzc25hbWVYJGNsYXNzZXNdTlNNdXRhYmxlRGF0YaMdHyBWTlNEYXRhWE5TT2JqZWN00hscIiNcTlNEaWN0aW9uYXJ5oiIgXxAPTlNLZXllZEFyY2hpdmVy0SYnVHJvb3SAAQAIABEAGgAjAC0AMgA3AEAARgBNAFUAYABnAGoAbABuAHEAcwB1AHcAhACOAQoBDwEXA9cD2QPeA+kD8gQABAQECwQUBBkEJgQpBDsEPgRDAAAAAAAAAgEAAAAAAAAAKAAAAAAAAAAAAAAAAAAABEU=}}

@phdthesis{Conroy2008,
	Author = {Anastasia Marie Conroy},
	Owner = {obxfs01},
	School = {University of Maryland, College Park},
	Timestamp = {2012.07.02},
	Title = {The role of verification strategies in semantic ambiguity resolution in children and adults},
	Year = {2008}}

@article{MartyChemla2014:Phantom-reading,
	Author = {Paul Marty and Emmanuel Chemla and Benjamin Spector},
	Date-Added = {2014-08-27 15:07:07 +0000},
	Date-Modified = {2014-08-27 15:08:21 +0000},
	Doi = {10.1080/23273798.2014.931592},
	Journal = {Language, Cognition and Neuroscience},
	Title = {Phantom readings: {T}he case of modified numerals},
	Year = {2014},
	Bdsk-File-1 = {YnBsaXN0MDDUAQIDBAUGJCVYJHZlcnNpb25YJG9iamVjdHNZJGFyY2hpdmVyVCR0b3ASAAGGoKgHCBMUFRYaIVUkbnVsbNMJCgsMDxJXTlMua2V5c1pOUy5vYmplY3RzViRjbGFzc6INDoACgAOiEBGABIAFgAdccmVsYXRpdmVQYXRoWWFsaWFzRGF0YV8QWy4uL2RhdGEvc3luYy9MaXRlcmF0dXJlL01hcnR5Q2hlbWxhXzIwMTRfUGhhbnRvbSByZWFkaW5ncyBUaGUgY2FzZSBvZiBtb2RpZmllZCBudW1lcmFscy5wZGbSFwsYGVdOUy5kYXRhTxECYgAAAAACYgACAAAMTWFjaW50b3NoIEhEAAAAAAAAAAAAAAAAAAAAz9RG5kgrAAAADHu1H01hcnR5Q2hlbWxhXzIwMTRfUGhhIzIxNTMzOS5wZGYAAAAAAAAAAAAAAAAAAAAAAAAAAAAAAAAAAAAAAAAAAAAhUznQI8CGAAAAAAAAAAAAAQAEAAAJIAAAAAAAAAAAAAAAAAAAAApMaXRlcmF0dXJlABAACAAAz9QqxgAAABEACAAA0COkZgAAAAEAGAAMe7UADHs7AAuoZgAKvIkACT4IAAJm+QACAFtNYWNpbnRvc2ggSEQ6VXNlcnM6AG1pY2hhOgBEZXNrdG9wOgBkYXRhOgBzeW5jOgBMaXRlcmF0dXJlOgBNYXJ0eUNoZW1sYV8yMDE0X1BoYSMyMTUzMzkucGRmAAAOAIgAQwBNAGEAcgB0AHkAQwBoAGUAbQBsAGEAXwAyADAAMQA0AF8AUABoAGEAbgB0AG8AbQAgAHIAZQBhAGQAaQBuAGcAcwAgAFQAaABlACAAYwBhAHMAZQAgAG8AZgAgAG0AbwBkAGkAZgBpAGUAZAAgAG4AdQBtAGUAcgBhAGwAcwAuAHAAZABmAA8AGgAMAE0AYQBjAGkAbgB0AG8AcwBoACAASABEABIAbFVzZXJzL21pY2hhL0Rlc2t0b3AvZGF0YS9zeW5jL0xpdGVyYXR1cmUvTWFydHlDaGVtbGFfMjAxNF9QaGFudG9tIHJlYWRpbmdzIFRoZSBjYXNlIG9mIG1vZGlmaWVkIG51bWVyYWxzLnBkZgATAAEvAAAVAAIADP//AACABtIbHB0eWiRjbGFzc25hbWVYJGNsYXNzZXNdTlNNdXRhYmxlRGF0YaMdHyBWTlNEYXRhWE5TT2JqZWN00hscIiNcTlNEaWN0aW9uYXJ5oiIgXxAPTlNLZXllZEFyY2hpdmVy0SYnVHJvb3SAAQAIABEAGgAjAC0AMgA3AEAARgBNAFUAYABnAGoAbABuAHEAcwB1AHcAhACOAOwA8QD5A18DYQNmA3EDegOIA4wDkwOcA6EDrgOxA8MDxgPLAAAAAAAAAgEAAAAAAAAAKAAAAAAAAAAAAAAAAAAAA80=}}

@article{CliftonCarlsonFrazier2002,
	Author = {C. Clifton and K. Carlson and L. Frazier},
	Journal = {Language and Speech},
	Pages = {87--114},
	Title = {Informative prosodic boundaries},
	Volume = {45},
	Year = {2002}}

@article{ChemlaSpector2010:Experimental-Ev,
	Author = {Emmanuel Chemla and Benjamin Spector},
	Date-Added = {2010-08-16 10:22:30 +0200},
	Date-Modified = {2012-01-25 11:35:32 +0100},
	Doi = {10.1093/jos/ffq023},
	Journal = {Journal of Semantics},
	Pages = {359--400},
	Title = {Experimental Evidence for Embedded Scalar Implicatures},
	Volume = {28},
	Year = {2011},
	Bdsk-File-1 = {YnBsaXN0MDDUAQIDBAUGJCVYJHZlcnNpb25YJG9iamVjdHNZJGFyY2hpdmVyVCR0b3ASAAGGoKgHCBMUFRYaIVUkbnVsbNMJCgsMDxJXTlMua2V5c1pOUy5vYmplY3RzViRjbGFzc6INDoACgAOiEBGABIAFgAdccmVsYXRpdmVQYXRoWWFsaWFzRGF0YV8QZS4uL2RhdGEvc3luYy9MaXRlcmF0dXJlL0NoZW1sYVNwZWN0b3JfMjAxMF9FeHBlcmltZW50YWwgRXZpZGVuY2UgZm9yIEVtYmVkZGVkIFNjYWxhciBJbXBsaWNhdHVyZXMucGRm0hcLGBlXTlMuZGF0YU8RAoAAAAAAAoAAAgAADE1hY2ludG9zaCBIRAAAAAAAAAAAAAAAAAAAAM/URuZIKwAAAAx7tR9DaGVtbGFTcGVjdG9yXzIwMTBfRXgjQzdDMzcucGRmAAAAAAAAAAAAAAAAAAAAAAAAAAAAAAAAAAAAAAAAAAAADHw3yJyQzwAAAAAAAAAAAAEABAAACSAAAAAAAAAAAAAAAAAAAAAKTGl0ZXJhdHVyZQAQAAgAAM/UKsYAAAARAAgAAMicdK8AAAABABgADHu1AAx7OwALqGYACryJAAk+CAACZvkAAgBbTWFjaW50b3NoIEhEOlVzZXJzOgBtaWNoYToARGVza3RvcDoAZGF0YToAc3luYzoATGl0ZXJhdHVyZToAQ2hlbWxhU3BlY3Rvcl8yMDEwX0V4I0M3QzM3LnBkZgAADgCcAE0AQwBoAGUAbQBsAGEAUwBwAGUAYwB0AG8AcgBfADIAMAAxADAAXwBFAHgAcABlAHIAaQBtAGUAbgB0AGEAbAAgAEUAdgBpAGQAZQBuAGMAZQAgAGYAbwByACAARQBtAGIAZQBkAGQAZQBkACAAUwBjAGEAbABhAHIAIABJAG0AcABsAGkAYwBhAHQAdQByAGUAcwAuAHAAZABmAA8AGgAMAE0AYQBjAGkAbgB0AG8AcwBoACAASABEABIAdlVzZXJzL21pY2hhL0Rlc2t0b3AvZGF0YS9zeW5jL0xpdGVyYXR1cmUvQ2hlbWxhU3BlY3Rvcl8yMDEwX0V4cGVyaW1lbnRhbCBFdmlkZW5jZSBmb3IgRW1iZWRkZWQgU2NhbGFyIEltcGxpY2F0dXJlcy5wZGYAEwABLwAAFQACAAz//wAAgAbSGxwdHlokY2xhc3NuYW1lWCRjbGFzc2VzXU5TTXV0YWJsZURhdGGjHR8gVk5TRGF0YVhOU09iamVjdNIbHCIjXE5TRGljdGlvbmFyeaIiIF8QD05TS2V5ZWRBcmNoaXZlctEmJ1Ryb290gAEACAARABoAIwAtADIANwBAAEYATQBVAGAAZwBqAGwAbgBxAHMAdQB3AIQAjgD2APsBAwOHA4kDjgOZA6IDsAO0A7sDxAPJA9YD2QPrA+4D8wAAAAAAAAIBAAAAAAAAACgAAAAAAAAAAAAAAAAAAAP1},
	Bdsk-File-2 = {YnBsaXN0MDDUAQIDBAUGJCVYJHZlcnNpb25YJG9iamVjdHNZJGFyY2hpdmVyVCR0b3ASAAGGoKgHCBMUFRYaIVUkbnVsbNMJCgsMDxJXTlMua2V5c1pOUy5vYmplY3RzViRjbGFzc6INDoACgAOiEBGABIAFgAdccmVsYXRpdmVQYXRoWWFsaWFzRGF0YV8QZS4uL2RhdGEvc3luYy9MaXRlcmF0dXJlL0NoZW1sYVNwZWN0b3JfMjAxMV9FeHBlcmltZW50YWwgRXZpZGVuY2UgZm9yIEVtYmVkZGVkIFNjYWxhciBJbXBsaWNhdHVyZXMucGRm0hcLGBlXTlMuZGF0YU8RAoAAAAAAAoAAAgAADE1hY2ludG9zaCBIRAAAAAAAAAAAAAAAAAAAAM/URuZIKwAAAAx7tR9DaGVtbGFTcGVjdG9yXzIwMTFfRSNENThEMjMucGRmAAAAAAAAAAAAAAAAAAAAAAAAAAAAAAAAAAAAAAAAAAAA1Y0jy0WZbgAAAAAAAAAAAAEABAAACSAAAAAAAAAAAAAAAAAAAAAKTGl0ZXJhdHVyZQAQAAgAAM/UKsYAAAARAAgAAMtFi14AAAABABgADHu1AAx7OwALqGYACryJAAk+CAACZvkAAgBbTWFjaW50b3NoIEhEOlVzZXJzOgBtaWNoYToARGVza3RvcDoAZGF0YToAc3luYzoATGl0ZXJhdHVyZToAQ2hlbWxhU3BlY3Rvcl8yMDExX0UjRDU4RDIzLnBkZgAADgCcAE0AQwBoAGUAbQBsAGEAUwBwAGUAYwB0AG8AcgBfADIAMAAxADEAXwBFAHgAcABlAHIAaQBtAGUAbgB0AGEAbAAgAEUAdgBpAGQAZQBuAGMAZQAgAGYAbwByACAARQBtAGIAZQBkAGQAZQBkACAAUwBjAGEAbABhAHIAIABJAG0AcABsAGkAYwBhAHQAdQByAGUAcwAuAHAAZABmAA8AGgAMAE0AYQBjAGkAbgB0AG8AcwBoACAASABEABIAdlVzZXJzL21pY2hhL0Rlc2t0b3AvZGF0YS9zeW5jL0xpdGVyYXR1cmUvQ2hlbWxhU3BlY3Rvcl8yMDExX0V4cGVyaW1lbnRhbCBFdmlkZW5jZSBmb3IgRW1iZWRkZWQgU2NhbGFyIEltcGxpY2F0dXJlcy5wZGYAEwABLwAAFQACAAz//wAAgAbSGxwdHlokY2xhc3NuYW1lWCRjbGFzc2VzXU5TTXV0YWJsZURhdGGjHR8gVk5TRGF0YVhOU09iamVjdNIbHCIjXE5TRGljdGlvbmFyeaIiIF8QD05TS2V5ZWRBcmNoaXZlctEmJ1Ryb290gAEACAARABoAIwAtADIANwBAAEYATQBVAGAAZwBqAGwAbgBxAHMAdQB3AIQAjgD2APsBAwOHA4kDjgOZA6IDsAO0A7sDxAPJA9YD2QPrA+4D8wAAAAAAAAIBAAAAAAAAACgAAAAAAAAAAAAAAAAAAAP1}}

@incollection{Horn2006:The-Border-Wars,
	Author = {Laurence R. Horn},
	Booktitle = {Where Semantics Meets Pragmatics},
	Date-Added = {2012-05-22 14:26:13 +0000},
	Date-Modified = {2012-05-22 14:28:39 +0000},
	Editor = {{\SortNoop{Heusinger}}von Heusinger, Klaus},
	Pages = {21--48},
	Series = {Current Research in the Semantics/Pragmatics Interface},
	Title = {The {B}order {W}ars: {A} {N}eo-{G}ricean Perspective},
	Volume = {16},
	Year = {2006},
	Bdsk-File-1 = {YnBsaXN0MDDUAQIDBAUGJCVYJHZlcnNpb25YJG9iamVjdHNZJGFyY2hpdmVyVCR0b3ASAAGGoKgHCBMUFRYaIVUkbnVsbNMJCgsMDxJXTlMua2V5c1pOUy5vYmplY3RzViRjbGFzc6INDoACgAOiEBGABIAFgAdccmVsYXRpdmVQYXRoWWFsaWFzRGF0YV8QTy4uL2RhdGEvc3luYy9MaXRlcmF0dXJlL0hvcm5fMjAwNl9UaGUgQm9yZGVyIFdhcnMgQSBOZW8tR3JpY2VhbiBQZXJzcGVjdGl2ZS5wZGbSFwsYGVdOUy5kYXRhTxECPgAAAAACPgACAAAMTWFjaW50b3NoIEhEAAAAAAAAAAAAAAAAAAAAz9RG5kgrAAAADHu1H0hvcm5fMjAwNl9UaGUgQm9yZGVyICNDN0QzNi5wZGYAAAAAAAAAAAAAAAAAAAAAAAAAAAAAAAAAAAAAAAAAAAAMfTbL4lreAAAAAAAAAAAAAQAEAAAJIAAAAAAAAAAAAAAAAAAAAApMaXRlcmF0dXJlABAACAAAz9QqxgAAABEACAAAy+I+vgAAAAEAGAAMe7UADHs7AAuoZgAKvIkACT4IAAJm+QACAFtNYWNpbnRvc2ggSEQ6VXNlcnM6AG1pY2hhOgBEZXNrdG9wOgBkYXRhOgBzeW5jOgBMaXRlcmF0dXJlOgBIb3JuXzIwMDZfVGhlIEJvcmRlciAjQzdEMzYucGRmAAAOAHAANwBIAG8AcgBuAF8AMgAwADAANgBfAFQAaABlACAAQgBvAHIAZABlAHIAIABXAGEAcgBzACAAQQAgAE4AZQBvAC0ARwByAGkAYwBlAGEAbgAgAFAAZQByAHMAcABlAGMAdABpAHYAZQAuAHAAZABmAA8AGgAMAE0AYQBjAGkAbgB0AG8AcwBoACAASABEABIAYFVzZXJzL21pY2hhL0Rlc2t0b3AvZGF0YS9zeW5jL0xpdGVyYXR1cmUvSG9ybl8yMDA2X1RoZSBCb3JkZXIgV2FycyBBIE5lby1HcmljZWFuIFBlcnNwZWN0aXZlLnBkZgATAAEvAAAVAAIADP//AACABtIbHB0eWiRjbGFzc25hbWVYJGNsYXNzZXNdTlNNdXRhYmxlRGF0YaMdHyBWTlNEYXRhWE5TT2JqZWN00hscIiNcTlNEaWN0aW9uYXJ5oiIgXxAPTlNLZXllZEFyY2hpdmVy0SYnVHJvb3SAAQAIABEAGgAjAC0AMgA3AEAARgBNAFUAYABnAGoAbABuAHEAcwB1AHcAhACOAOAA5QDtAy8DMQM2A0EDSgNYA1wDYwNsA3EDfgOBA5MDlgObAAAAAAAAAgEAAAAAAAAAKAAAAAAAAAAAAAAAAAAAA50=}}

@book{LeeWagenmakers2013:Bayesian-Cognit,
	Author = {Michael D. Lee and Eric-Jan Wagenmakers},
	Date-Added = {2013-08-12 08:41:39 +0000},
	Date-Modified = {2013-08-12 08:42:19 +0000},
	Publisher = {Cambridge University Press},
	Title = {Bayesian Cognitive Modeling: {A} Practical Course},
	Year = {to appear},
	Bdsk-File-1 = {YnBsaXN0MDDUAQIDBAUGJCVYJHZlcnNpb25YJG9iamVjdHNZJGFyY2hpdmVyVCR0b3ASAAGGoKgHCBMUFRYaIVUkbnVsbNMJCgsMDxJXTlMua2V5c1pOUy5vYmplY3RzViRjbGFzc6INDoACgAOiEBGABIAFgAdccmVsYXRpdmVQYXRoWWFsaWFzRGF0YV8QXi4uL2RhdGEvc3luYy9MaXRlcmF0dXJlL0xlZVdhZ2VubWFrZXJzXzIwMTNfQmF5ZXNpYW4gQ29nbml0aXZlIE1vZGVsaW5nIEEgUHJhY3RpY2FsIENvdXJzZS5wZGbSFwsYGVdOUy5kYXRhTxECbAAAAAACbAACAAAMTWFjaW50b3NoIEhEAAAAAAAAAAAAAAAAAAAAz9RG5kgrAAAADHu1H0xlZVdhZ2VubWFrZXJzXzIwMTNfQiNDN0RBQi5wZGYAAAAAAAAAAAAAAAAAAAAAAAAAAAAAAAAAAAAAAAAAAAAMfavOKa1YAAAAAAAAAAAAAQAEAAAJIAAAAAAAAAAAAAAAAAAAAApMaXRlcmF0dXJlABAACAAAz9QqxgAAABEACAAAzimROAAAAAEAGAAMe7UADHs7AAuoZgAKvIkACT4IAAJm+QACAFtNYWNpbnRvc2ggSEQ6VXNlcnM6AG1pY2hhOgBEZXNrdG9wOgBkYXRhOgBzeW5jOgBMaXRlcmF0dXJlOgBMZWVXYWdlbm1ha2Vyc18yMDEzX0IjQzdEQUIucGRmAAAOAI4ARgBMAGUAZQBXAGEAZwBlAG4AbQBhAGsAZQByAHMAXwAyADAAMQAzAF8AQgBhAHkAZQBzAGkAYQBuACAAQwBvAGcAbgBpAHQAaQB2AGUAIABNAG8AZABlAGwAaQBuAGcAIABBACAAUAByAGEAYwB0AGkAYwBhAGwAIABDAG8AdQByAHMAZQAuAHAAZABmAA8AGgAMAE0AYQBjAGkAbgB0AG8AcwBoACAASABEABIAb1VzZXJzL21pY2hhL0Rlc2t0b3AvZGF0YS9zeW5jL0xpdGVyYXR1cmUvTGVlV2FnZW5tYWtlcnNfMjAxM19CYXllc2lhbiBDb2duaXRpdmUgTW9kZWxpbmcgQSBQcmFjdGljYWwgQ291cnNlLnBkZgAAEwABLwAAFQACAAz//wAAgAbSGxwdHlokY2xhc3NuYW1lWCRjbGFzc2VzXU5TTXV0YWJsZURhdGGjHR8gVk5TRGF0YVhOU09iamVjdNIbHCIjXE5TRGljdGlvbmFyeaIiIF8QD05TS2V5ZWRBcmNoaXZlctEmJ1Ryb290gAEACAARABoAIwAtADIANwBAAEYATQBVAGAAZwBqAGwAbgBxAHMAdQB3AIQAjgDvAPQA/ANsA24DcwN+A4cDlQOZA6ADqQOuA7sDvgPQA9MD2AAAAAAAAAIBAAAAAAAAACgAAAAAAAAAAAAAAAAAAAPa},
	Bdsk-File-2 = {YnBsaXN0MDDUAQIDBAUGJCVYJHZlcnNpb25YJG9iamVjdHNZJGFyY2hpdmVyVCR0b3ASAAGGoKgHCBMUFRYaIVUkbnVsbNMJCgsMDxJXTlMua2V5c1pOUy5vYmplY3RzViRjbGFzc6INDoACgAOiEBGABIAFgAdccmVsYXRpdmVQYXRoWWFsaWFzRGF0YV8QXy4uL2RhdGEvc3luYy9MaXRlcmF0dXJlL0xlZVdhZ2VubWFrZXJzXzIwMTNfQmF5ZXNpYW4gQ29nbml0aXZlIE1vZGVsaW5nIEEgUHJhY3RpY2FsIENvdXJzZWEucGRm0hcLGBlXTlMuZGF0YU8RAm4AAAAAAm4AAgAADE1hY2ludG9zaCBIRAAAAAAAAAAAAAAAAAAAAM/URuZIKwAAAAx7tR9MZWVXYWdlbm1ha2Vyc18yMDEzX0IjQzdEQUMucGRmAAAAAAAAAAAAAAAAAAAAAAAAAAAAAAAAAAAAAAAAAAAADH2szi5tBQAAAAAAAAAAAAEABAAACSAAAAAAAAAAAAAAAAAAAAAKTGl0ZXJhdHVyZQAQAAgAAM/UKsYAAAARAAgAAM4uUOUAAAABABgADHu1AAx7OwALqGYACryJAAk+CAACZvkAAgBbTWFjaW50b3NoIEhEOlVzZXJzOgBtaWNoYToARGVza3RvcDoAZGF0YToAc3luYzoATGl0ZXJhdHVyZToATGVlV2FnZW5tYWtlcnNfMjAxM19CI0M3REFDLnBkZgAADgCQAEcATABlAGUAVwBhAGcAZQBuAG0AYQBrAGUAcgBzAF8AMgAwADEAMwBfAEIAYQB5AGUAcwBpAGEAbgAgAEMAbwBnAG4AaQB0AGkAdgBlACAATQBvAGQAZQBsAGkAbgBnACAAQQAgAFAAcgBhAGMAdABpAGMAYQBsACAAQwBvAHUAcgBzAGUAYQAuAHAAZABmAA8AGgAMAE0AYQBjAGkAbgB0AG8AcwBoACAASABEABIAcFVzZXJzL21pY2hhL0Rlc2t0b3AvZGF0YS9zeW5jL0xpdGVyYXR1cmUvTGVlV2FnZW5tYWtlcnNfMjAxM19CYXllc2lhbiBDb2duaXRpdmUgTW9kZWxpbmcgQSBQcmFjdGljYWwgQ291cnNlYS5wZGYAEwABLwAAFQACAAz//wAAgAbSGxwdHlokY2xhc3NuYW1lWCRjbGFzc2VzXU5TTXV0YWJsZURhdGGjHR8gVk5TRGF0YVhOU09iamVjdNIbHCIjXE5TRGljdGlvbmFyeaIiIF8QD05TS2V5ZWRBcmNoaXZlctEmJ1Ryb290gAEACAARABoAIwAtADIANwBAAEYATQBVAGAAZwBqAGwAbgBxAHMAdQB3AIQAjgDwAPUA/QNvA3EDdgOBA4oDmAOcA6MDrAOxA74DwQPTA9YD2wAAAAAAAAIBAAAAAAAAACgAAAAAAAAAAAAAAAAAAAPd}}

@article{Franke2011:Quantity-Implic,
	Author = {Michael Franke},
	Date-Added = {2010-11-02 10:55:05 +0100},
	Date-Modified = {2011-06-21 15:29:34 +0200},
	Doi = {doi:10.3765/sp.4.1},
	Journal = {Semantics \& Pragmatics},
	Keywords = {quantity implicatures, exhaustive interpretation, signaling games, game theoretic pragmatics},
	Number = {1},
	Pages = {1--82},
	Title = {Quantity Implicatures, Exhaustive Interpretation, and Rational Conversation},
	Volume = {4},
	Year = {2011},
	Bdsk-File-1 = {YnBsaXN0MDDUAQIDBAUGJCVYJHZlcnNpb25YJG9iamVjdHNZJGFyY2hpdmVyVCR0b3ASAAGGoKgHCBMUFRYaIVUkbnVsbNMJCgsMDxJXTlMua2V5c1pOUy5vYmplY3RzViRjbGFzc6INDoACgAOiEBGABIAFgAdccmVsYXRpdmVQYXRoWWFsaWFzRGF0YV8Qcy4uL2RhdGEvc3luYy9MaXRlcmF0dXJlL0ZyYW5rZV8yMDExX1F1YW50aXR5IEltcGxpY2F0dXJlcywgRXhoYXVzdGl2ZSBJbnRlcnByZXRhdGlvbiwgYW5kIFJhdGlvbmFsIENvbnZlcnNhdGlvbi5wZGbSFwsYGVdOUy5kYXRhTxECqgAAAAACqgACAAAMTWFjaW50b3NoIEhEAAAAAAAAAAAAAAAAAAAAz9RG5kgrAAAADHu1H0ZyYW5rZV8yMDExX1F1YW50aXR5ICNDN0NBQS5wZGYAAAAAAAAAAAAAAAAAAAAAAAAAAAAAAAAAAAAAAAAAAAAMfKrKJqyAAAAAAAAAAAAAAQAEAAAJIAAAAAAAAAAAAAAAAAAAAApMaXRlcmF0dXJlABAACAAAz9QqxgAAABEACAAAyiaQYAAAAAEAGAAMe7UADHs7AAuoZgAKvIkACT4IAAJm+QACAFtNYWNpbnRvc2ggSEQ6VXNlcnM6AG1pY2hhOgBEZXNrdG9wOgBkYXRhOgBzeW5jOgBMaXRlcmF0dXJlOgBGcmFua2VfMjAxMV9RdWFudGl0eSAjQzdDQUEucGRmAAAOALgAWwBGAHIAYQBuAGsAZQBfADIAMAAxADEAXwBRAHUAYQBuAHQAaQB0AHkAIABJAG0AcABsAGkAYwBhAHQAdQByAGUAcwAsACAARQB4AGgAYQB1AHMAdABpAHYAZQAgAEkAbgB0AGUAcgBwAHIAZQB0AGEAdABpAG8AbgAsACAAYQBuAGQAIABSAGEAdABpAG8AbgBhAGwAIABDAG8AbgB2AGUAcgBzAGEAdABpAG8AbgAuAHAAZABmAA8AGgAMAE0AYQBjAGkAbgB0AG8AcwBoACAASABEABIAhFVzZXJzL21pY2hhL0Rlc2t0b3AvZGF0YS9zeW5jL0xpdGVyYXR1cmUvRnJhbmtlXzIwMTFfUXVhbnRpdHkgSW1wbGljYXR1cmVzLCBFeGhhdXN0aXZlIEludGVycHJldGF0aW9uLCBhbmQgUmF0aW9uYWwgQ29udmVyc2F0aW9uLnBkZgATAAEvAAAVAAIADP//AACABtIbHB0eWiRjbGFzc25hbWVYJGNsYXNzZXNdTlNNdXRhYmxlRGF0YaMdHyBWTlNEYXRhWE5TT2JqZWN00hscIiNcTlNEaWN0aW9uYXJ5oiIgXxAPTlNLZXllZEFyY2hpdmVy0SYnVHJvb3SAAQAIABEAGgAjAC0AMgA3AEAARgBNAFUAYABnAGoAbABuAHEAcwB1AHcAhACOAQQBCQERA78DwQPGA9ED2gPoA+wD8wP8BAEEDgQRBCMEJgQrAAAAAAAAAgEAAAAAAAAAKAAAAAAAAAAAAAAAAAAABC0=}}

@article{Chierchia2006:Broaden-Your-Vi,
	Author = {Gennaro Chierchia},
	Date-Added = {2012-05-18 11:37:52 +0000},
	Date-Modified = {2012-05-18 11:40:10 +0000},
	Doi = {10.1162/ling.2006.37.4.535},
	Journal = {Linguistic Inquiry},
	Number = {4},
	Pages = {535--590},
	Title = {Broaden Your Views: {I}mplicatures of Domain Widening and the Syntax/Pragmatics Interface},
	Volume = {37},
	Year = {2006},
	Bdsk-File-1 = {YnBsaXN0MDDUAQIDBAUGJCVYJHZlcnNpb25YJG9iamVjdHNZJGFyY2hpdmVyVCR0b3ASAAGGoKgHCBMUFRYaIVUkbnVsbNMJCgsMDxJXTlMua2V5c1pOUy5vYmplY3RzViRjbGFzc6INDoACgAOiEBGABIAFgAdccmVsYXRpdmVQYXRoWWFsaWFzRGF0YV8Qdy4uL2RhdGEvc3luYy9MaXRlcmF0dXJlL0NoaWVyY2hpYV8yMDA2X0Jyb2FkZW4gWW91ciBWaWV3cyBJbXBsaWNhdHVyZXMgb2YgRG9tYWluIFdpZGVuaW5nIGFuZCB0aGUgU3ludGF4LVByYWdtYXRpY3MucGRm0hcLGBlXTlMuZGF0YU8RArYAAAAAArYAAgAADE1hY2ludG9zaCBIRAAAAAAAAAAAAAAAAAAAAM/URuZIKwAAAAx7tR9DaGllcmNoaWFfMjAwNl9Ccm9hZGUjQzdDNDMucGRmAAAAAAAAAAAAAAAAAAAAAAAAAAAAAAAAAAAAAAAAAAAADHxDy9wBywAAAAAAAAAAAAEABAAACSAAAAAAAAAAAAAAAAAAAAAKTGl0ZXJhdHVyZQAQAAgAAM/UKsYAAAARAAgAAMvb5asAAAABABgADHu1AAx7OwALqGYACryJAAk+CAACZvkAAgBbTWFjaW50b3NoIEhEOlVzZXJzOgBtaWNoYToARGVza3RvcDoAZGF0YToAc3luYzoATGl0ZXJhdHVyZToAQ2hpZXJjaGlhXzIwMDZfQnJvYWRlI0M3QzQzLnBkZgAADgDAAF8AQwBoAGkAZQByAGMAaABpAGEAXwAyADAAMAA2AF8AQgByAG8AYQBkAGUAbgAgAFkAbwB1AHIAIABWAGkAZQB3AHMAIABJAG0AcABsAGkAYwBhAHQAdQByAGUAcwAgAG8AZgAgAEQAbwBtAGEAaQBuACAAVwBpAGQAZQBuAGkAbgBnACAAYQBuAGQAIAB0AGgAZQAgAFMAeQBuAHQAYQB4AC0AUAByAGEAZwBtAGEAdABpAGMAcwAuAHAAZABmAA8AGgAMAE0AYQBjAGkAbgB0AG8AcwBoACAASABEABIAiFVzZXJzL21pY2hhL0Rlc2t0b3AvZGF0YS9zeW5jL0xpdGVyYXR1cmUvQ2hpZXJjaGlhXzIwMDZfQnJvYWRlbiBZb3VyIFZpZXdzIEltcGxpY2F0dXJlcyBvZiBEb21haW4gV2lkZW5pbmcgYW5kIHRoZSBTeW50YXgtUHJhZ21hdGljcy5wZGYAEwABLwAAFQACAAz//wAAgAbSGxwdHlokY2xhc3NuYW1lWCRjbGFzc2VzXU5TTXV0YWJsZURhdGGjHR8gVk5TRGF0YVhOU09iamVjdNIbHCIjXE5TRGljdGlvbmFyeaIiIF8QD05TS2V5ZWRBcmNoaXZlctEmJ1Ryb290gAEACAARABoAIwAtADIANwBAAEYATQBVAGAAZwBqAGwAbgBxAHMAdQB3AIQAjgEIAQ0BFQPPA9ED1gPhA+oD+AP8BAMEDAQRBB4EIQQzBDYEOwAAAAAAAAIBAAAAAAAAACgAAAAAAAAAAAAAAAAAAAQ9}}

@article{Schulz2005:A-Pragmatic-Sol,
	Author = {Katrin Schulz},
	Date-Added = {2008-06-16 13:15:37 +0200},
	Date-Modified = {2011-01-24 18:05:52 +0100},
	Doi = {doi:10.1007/s11229-005-1353-y},
	Journal = {Synthese},
	Local-Url = {file://localhost/Users/micha/Desktop/data/sync/Literature/Schulz_2005_A%20Pragmatic%20Solution%20for%20the%20Paradox%20of%20Free%20Choice%20Permission.pdf},
	Pages = {343--377},
	Title = {A Pragmatic Solution for the Paradox of Free Choice Permission},
	Volume = {147},
	Year = {2005},
	Bdsk-File-1 = {YnBsaXN0MDDUAQIDBAUGJCVYJHZlcnNpb25YJG9iamVjdHNZJGFyY2hpdmVyVCR0b3ASAAGGoKgHCBMUFRYaIVUkbnVsbNMJCgsMDxJXTlMua2V5c1pOUy5vYmplY3RzViRjbGFzc6INDoACgAOiEBGABIAFgAdccmVsYXRpdmVQYXRoWWFsaWFzRGF0YV8QZi4uL2RhdGEvc3luYy9MaXRlcmF0dXJlL1NjaHVsel8yMDA1X0EgUHJhZ21hdGljIFNvbHV0aW9uIGZvciB0aGUgUGFyYWRveCBvZiBGcmVlIENob2ljZSBQZXJtaXNzaW9uLnBkZtIXCxgZV05TLmRhdGFPEQKEAAAAAAKEAAIAAAxNYWNpbnRvc2ggSEQAAAAAAAAAAAAAAAAAAADP1EbmSCsAAAAMe7UfU2NodWx6XzIwMDVfQSBQcmFnbWF0I0M3RjkwLnBkZgAAAAAAAAAAAAAAAAAAAAAAAAAAAAAAAAAAAAAAAAAAAAx/kMR9NC8AAAAAAAAAAAABAAQAAAkgAAAAAAAAAAAAAAAAAAAACkxpdGVyYXR1cmUAEAAIAADP1CrGAAAAEQAIAADEfRgPAAAAAQAYAAx7tQAMezsAC6hmAAq8iQAJPggAAmb5AAIAW01hY2ludG9zaCBIRDpVc2VyczoAbWljaGE6AERlc2t0b3A6AGRhdGE6AHN5bmM6AExpdGVyYXR1cmU6AFNjaHVsel8yMDA1X0EgUHJhZ21hdCNDN0Y5MC5wZGYAAA4AngBOAFMAYwBoAHUAbAB6AF8AMgAwADAANQBfAEEAIABQAHIAYQBnAG0AYQB0AGkAYwAgAFMAbwBsAHUAdABpAG8AbgAgAGYAbwByACAAdABoAGUAIABQAGEAcgBhAGQAbwB4ACAAbwBmACAARgByAGUAZQAgAEMAaABvAGkAYwBlACAAUABlAHIAbQBpAHMAcwBpAG8AbgAuAHAAZABmAA8AGgAMAE0AYQBjAGkAbgB0AG8AcwBoACAASABEABIAd1VzZXJzL21pY2hhL0Rlc2t0b3AvZGF0YS9zeW5jL0xpdGVyYXR1cmUvU2NodWx6XzIwMDVfQSBQcmFnbWF0aWMgU29sdXRpb24gZm9yIHRoZSBQYXJhZG94IG9mIEZyZWUgQ2hvaWNlIFBlcm1pc3Npb24ucGRmAAATAAEvAAAVAAIADP//AACABtIbHB0eWiRjbGFzc25hbWVYJGNsYXNzZXNdTlNNdXRhYmxlRGF0YaMdHyBWTlNEYXRhWE5TT2JqZWN00hscIiNcTlNEaWN0aW9uYXJ5oiIgXxAPTlNLZXllZEFyY2hpdmVy0SYnVHJvb3SAAQAIABEAGgAjAC0AMgA3AEAARgBNAFUAYABnAGoAbABuAHEAcwB1AHcAhACOAPcA/AEEA4wDjgOTA54DpwO1A7kDwAPJA84D2wPeA/AD8wP4AAAAAAAAAgEAAAAAAAAAKAAAAAAAAAAAAAAAAAAAA/o=}}

@article{GualminiHulsey2008:The-Question-An,
	Author = {Andrea Gualmini and Sarah Hulsey and Valentine Hacquard and Danny Fox},
	Date-Added = {2014-05-15 09:53:19 +0000},
	Date-Modified = {2014-05-15 09:54:21 +0000},
	Journal = {Natural Language Semantics},
	Pages = {205--237},
	Title = {The Question-Answer Requirement and Scope Assignment},
	Volume = {16},
	Year = {2008}}

@phdthesis{Tielvan-Tiel2014:Quantity-Matter,
	Author = {{\SortNoop{Tiel}}{van Tiel}, Bob},
	Date-Added = {2014-01-03 06:46:02 +0000},
	Date-Modified = {2014-01-03 06:47:07 +0000},
	School = {Radboud Universiteit Nijmegen},
	Title = {Quantity Matters: {I}mplicatures, Typicality, and Truth},
	Year = {2014},
	Bdsk-File-1 = {YnBsaXN0MDDUAQIDBAUGJCVYJHZlcnNpb25YJG9iamVjdHNZJGFyY2hpdmVyVCR0b3ASAAGGoKgHCBMUFRYaIVUkbnVsbNMJCgsMDxJXTlMua2V5c1pOUy5vYmplY3RzViRjbGFzc6INDoACgAOiEBGABIAFgAdccmVsYXRpdmVQYXRoWWFsaWFzRGF0YV8QYi4uL2RhdGEvc3luYy9MaXRlcmF0dXJlL1RpZWx2YW4gVGllbF8yMDE0X1F1YW50aXR5IE1hdHRlcnMgSW1wbGljYXR1cmVzLCBUeXBpY2FsaXR5LCBhbmQgVHJ1dGgucGRm0hcLGBlXTlMuZGF0YU8RAngAAAAAAngAAgAADE1hY2ludG9zaCBIRAAAAAAAAAAAAAAAAAAAAM/URuZIKwAAAAx7tR9UaWVsdmFuIFRpZWxfMjAxNF9RdWEjQzdGRjgucGRmAAAAAAAAAAAAAAAAAAAAAAAAAAAAAAAAAAAAAAAAAAAADH/4ztz6qgAAAAAAAAAAAAEABAAACSAAAAAAAAAAAAAAAAAAAAAKTGl0ZXJhdHVyZQAQAAgAAM/UKsYAAAARAAgAAM7c7JoAAAABABgADHu1AAx7OwALqGYACryJAAk+CAACZvkAAgBbTWFjaW50b3NoIEhEOlVzZXJzOgBtaWNoYToARGVza3RvcDoAZGF0YToAc3luYzoATGl0ZXJhdHVyZToAVGllbHZhbiBUaWVsXzIwMTRfUXVhI0M3RkY4LnBkZgAADgCWAEoAVABpAGUAbAB2AGEAbgAgAFQAaQBlAGwAXwAyADAAMQA0AF8AUQB1AGEAbgB0AGkAdAB5ACAATQBhAHQAdABlAHIAcwAgAEkAbQBwAGwAaQBjAGEAdAB1AHIAZQBzACwAIABUAHkAcABpAGMAYQBsAGkAdAB5ACwAIABhAG4AZAAgAFQAcgB1AHQAaAAuAHAAZABmAA8AGgAMAE0AYQBjAGkAbgB0AG8AcwBoACAASABEABIAc1VzZXJzL21pY2hhL0Rlc2t0b3AvZGF0YS9zeW5jL0xpdGVyYXR1cmUvVGllbHZhbiBUaWVsXzIwMTRfUXVhbnRpdHkgTWF0dGVycyBJbXBsaWNhdHVyZXMsIFR5cGljYWxpdHksIGFuZCBUcnV0aC5wZGYAABMAAS8AABUAAgAM//8AAIAG0hscHR5aJGNsYXNzbmFtZVgkY2xhc3Nlc11OU011dGFibGVEYXRhox0fIFZOU0RhdGFYTlNPYmplY3TSGxwiI1xOU0RpY3Rpb25hcnmiIiBfEA9OU0tleWVkQXJjaGl2ZXLRJidUcm9vdIABAAgAEQAaACMALQAyADcAQABGAE0AVQBgAGcAagBsAG4AcQBzAHUAdwCEAI4A8wD4AQADfAN+A4MDjgOXA6UDqQOwA7kDvgPLA84D4APjA+gAAAAAAAACAQAAAAAAAAAoAAAAAAAAAAAAAAAAAAAD6g==},
	Bdsk-File-2 = {YnBsaXN0MDDUAQIDBAUGJCVYJHZlcnNpb25YJG9iamVjdHNZJGFyY2hpdmVyVCR0b3ASAAGGoKgHCBMUFRYaIVUkbnVsbNMJCgsMDxJXTlMua2V5c1pOUy5vYmplY3RzViRjbGFzc6INDoACgAOiEBGABIAFgAdccmVsYXRpdmVQYXRoWWFsaWFzRGF0YV8QYy4uL2RhdGEvc3luYy9MaXRlcmF0dXJlL1RpZWx2YW4gVGllbF8yMDE0X1F1YW50aXR5IE1hdHRlcnMgSW1wbGljYXR1cmVzLCBUeXBpY2FsaXR5LCBhbmQgVHJ1dGhhLnBkZtIXCxgZV05TLmRhdGFPEQJ6AAAAAAJ6AAIAAAxNYWNpbnRvc2ggSEQAAAAAAAAAAAAAAAAAAADP1EbmSCsAAAAMe7UfVGllbHZhbiBUaWVsXzIwMTRfUXVhI0M3RkY5LnBkZgAAAAAAAAAAAAAAAAAAAAAAAAAAAAAAAAAAAAAAAAAAAAx/+c+gDIMAAAAAAAAAAAABAAQAAAkgAAAAAAAAAAAAAAAAAAAACkxpdGVyYXR1cmUAEAAIAADP1CrGAAAAEQAIAADPn/BjAAAAAQAYAAx7tQAMezsAC6hmAAq8iQAJPggAAmb5AAIAW01hY2ludG9zaCBIRDpVc2VyczoAbWljaGE6AERlc2t0b3A6AGRhdGE6AHN5bmM6AExpdGVyYXR1cmU6AFRpZWx2YW4gVGllbF8yMDE0X1F1YSNDN0ZGOS5wZGYAAA4AmABLAFQAaQBlAGwAdgBhAG4AIABUAGkAZQBsAF8AMgAwADEANABfAFEAdQBhAG4AdABpAHQAeQAgAE0AYQB0AHQAZQByAHMAIABJAG0AcABsAGkAYwBhAHQAdQByAGUAcwAsACAAVAB5AHAAaQBjAGEAbABpAHQAeQAsACAAYQBuAGQAIABUAHIAdQB0AGgAYQAuAHAAZABmAA8AGgAMAE0AYQBjAGkAbgB0AG8AcwBoACAASABEABIAdFVzZXJzL21pY2hhL0Rlc2t0b3AvZGF0YS9zeW5jL0xpdGVyYXR1cmUvVGllbHZhbiBUaWVsXzIwMTRfUXVhbnRpdHkgTWF0dGVycyBJbXBsaWNhdHVyZXMsIFR5cGljYWxpdHksIGFuZCBUcnV0aGEucGRmABMAAS8AABUAAgAM//8AAIAG0hscHR5aJGNsYXNzbmFtZVgkY2xhc3Nlc11OU011dGFibGVEYXRhox0fIFZOU0RhdGFYTlNPYmplY3TSGxwiI1xOU0RpY3Rpb25hcnmiIiBfEA9OU0tleWVkQXJjaGl2ZXLRJidUcm9vdIABAAgAEQAaACMALQAyADcAQABGAE0AVQBgAGcAagBsAG4AcQBzAHUAdwCEAI4A9AD5AQEDfwOBA4YDkQOaA6gDrAOzA7wDwQPOA9ED4wPmA+sAAAAAAAACAQAAAAAAAAAoAAAAAAAAAAAAAAAAAAAD7Q==}}

@inproceedings{Augurzky08,
	Address = {University of Athens},
	Author = {P. Augurzky},
	Booktitle = {Proceedings of the ISCA Tutorial and and Research Workshop on Experimental Linguistics},
	Editor = {A. Botinis},
	Pages = {33--36},
	Title = {Prosodic phrasing in German sentence production: Optimal length vs. argument structure.},
	Year = {2008}}

@book{Gazdar1979:Pragmatics:-Imp,
	Address = {New York},
	Author = {Gerald Gazdar},
	Date-Added = {2008-06-18 11:05:48 +0200},
	Date-Modified = {2008-06-18 11:08:38 +0200},
	Publisher = {Academic Press},
	Title = {Pragmatics: Implicature, Presupposition, and Logical Form},
	Year = {1979}}

@inproceedings{Frazier08,
	Address = {Ithaca, NY: Cornell University},
	Author = {Lyn Frazier},
	Booktitle = {Proceedings of SALT 18},
	Editor = {Lyn Frazier and Tova Friedman and S. Ito},
	Pages = {319--339},
	Title = {Computing Scalar Implicatures},
	Year = {2008}}

@article{Chemla2009:Presuppositions,
	Author = {Emmanuel Chemla},
	Date-Added = {2012-05-24 07:27:16 +0000},
	Date-Modified = {2012-05-24 07:28:16 +0000},
	Doi = {10.1007/s11050-009-9043-9},
	Journal = {Natural Language Semantics},
	Number = {4},
	Pages = {299--340},
	Title = {Presuppositions of Quantified Sentences: {E}xperimental Data},
	Volume = {17},
	Year = {2009},
	Bdsk-File-1 = {YnBsaXN0MDDUAQIDBAUGJCVYJHZlcnNpb25YJG9iamVjdHNZJGFyY2hpdmVyVCR0b3ASAAGGoKgHCBMUFRYaIVUkbnVsbNMJCgsMDxJXTlMua2V5c1pOUy5vYmplY3RzViRjbGFzc6INDoACgAOiEBGABIAFgAdccmVsYXRpdmVQYXRoWWFsaWFzRGF0YV8QYS4uL2RhdGEvc3luYy9MaXRlcmF0dXJlL0NoZW1sYV8yMDA5X1ByZXN1cHBvc2l0aW9ucyBvZiBRdWFudGlmaWVkIFNlbnRlbmNlcyBFeHBlcmltZW50YWwgRGF0YS5wZGbSFwsYGVdOUy5kYXRhTxECdAAAAAACdAACAAAMTWFjaW50b3NoIEhEAAAAAAAAAAAAAAAAAAAAz9RG5kgrAAAADHu1H0NoZW1sYV8yMDA5X1ByZXN1cHBvcyNDN0MzQi5wZGYAAAAAAAAAAAAAAAAAAAAAAAAAAAAAAAAAAAAAAAAAAAAMfDvL46+pAAAAAAAAAAAAAQAEAAAJIAAAAAAAAAAAAAAAAAAAAApMaXRlcmF0dXJlABAACAAAz9QqxgAAABEACAAAy+OTiQAAAAEAGAAMe7UADHs7AAuoZgAKvIkACT4IAAJm+QACAFtNYWNpbnRvc2ggSEQ6VXNlcnM6AG1pY2hhOgBEZXNrdG9wOgBkYXRhOgBzeW5jOgBMaXRlcmF0dXJlOgBDaGVtbGFfMjAwOV9QcmVzdXBwb3MjQzdDM0IucGRmAAAOAJQASQBDAGgAZQBtAGwAYQBfADIAMAAwADkAXwBQAHIAZQBzAHUAcABwAG8AcwBpAHQAaQBvAG4AcwAgAG8AZgAgAFEAdQBhAG4AdABpAGYAaQBlAGQAIABTAGUAbgB0AGUAbgBjAGUAcwAgAEUAeABwAGUAcgBpAG0AZQBuAHQAYQBsACAARABhAHQAYQAuAHAAZABmAA8AGgAMAE0AYQBjAGkAbgB0AG8AcwBoACAASABEABIAclVzZXJzL21pY2hhL0Rlc2t0b3AvZGF0YS9zeW5jL0xpdGVyYXR1cmUvQ2hlbWxhXzIwMDlfUHJlc3VwcG9zaXRpb25zIG9mIFF1YW50aWZpZWQgU2VudGVuY2VzIEV4cGVyaW1lbnRhbCBEYXRhLnBkZgATAAEvAAAVAAIADP//AACABtIbHB0eWiRjbGFzc25hbWVYJGNsYXNzZXNdTlNNdXRhYmxlRGF0YaMdHyBWTlNEYXRhWE5TT2JqZWN00hscIiNcTlNEaWN0aW9uYXJ5oiIgXxAPTlNLZXllZEFyY2hpdmVy0SYnVHJvb3SAAQAIABEAGgAjAC0AMgA3AEAARgBNAFUAYABnAGoAbABuAHEAcwB1AHcAhACOAPIA9wD/A3cDeQN+A4kDkgOgA6QDqwO0A7kDxgPJA9sD3gPjAAAAAAAAAgEAAAAAAAAAKAAAAAAAAAAAAAAAAAAAA+U=}}

@book{Crawley2007:The-R-Book,
	Address = {West Sussex},
	Author = {Michael J. Crawley},
	Date-Added = {2014-05-20 14:26:34 +0000},
	Date-Modified = {2014-05-20 14:27:37 +0000},
	Publisher = {Wiley},
	Title = {The {R} Book},
	Year = {2007}}

@incollection{AtlasLevinson1981,
	Author = {Jay David Atlas and Stephen Levinson},
	Booktitle = {Radical Pragmatics},
	Date-Modified = {2008-09-15 10:29:43 +0200},
	Editor = {Peter Cole},
	Pages = {1--61},
	Publisher = {Academic Press},
	Title = {It-clefts, Informativeness, and Logical Form},
	Year = {1981}}

@article{Sauerland2004:Scalar-Implicat,
	Author = {Uli Sauerland},
	Date-Added = {2008-06-16 13:14:03 +0200},
	Date-Modified = {2011-01-24 22:27:52 +0100},
	Doi = {10.1023/B:LING.0000023378.71748.db},
	Journal = {Linguistics and Philosophy},
	Local-Url = {file://localhost/Users/micha/Desktop/data/sync/Literature/Sauerland_2004_Scalar%20Implicatures%20in%20Complex%20Sentences.pdf},
	Pages = {367--391},
	Title = {Scalar Implicatures in Complex Sentences},
	Volume = {27},
	Year = {2004},
	Bdsk-File-1 = {YnBsaXN0MDDUAQIDBAUGJCVYJHZlcnNpb25YJG9iamVjdHNZJGFyY2hpdmVyVCR0b3ASAAGGoKgHCBMUFRYaIVUkbnVsbNMJCgsMDxJXTlMua2V5c1pOUy5vYmplY3RzViRjbGFzc6INDoACgAOiEBGABIAFgAdccmVsYXRpdmVQYXRoWWFsaWFzRGF0YV8QUy4uL2RhdGEvc3luYy9MaXRlcmF0dXJlL1NhdWVybGFuZF8yMDA0X1NjYWxhciBJbXBsaWNhdHVyZXMgaW4gQ29tcGxleCBTZW50ZW5jZXMucGRm0hcLGBlXTlMuZGF0YU8RAkoAAAAAAkoAAgAADE1hY2ludG9zaCBIRAAAAAAAAAAAAAAAAAAAAM/URuZIKwAAAAx7tR9TYXVlcmxhbmRfMjAwNF9TY2FsYXIjQzdGN0YucGRmAAAAAAAAAAAAAAAAAAAAAAAAAAAAAAAAAAAAAAAAAAAADH9/xH00LwAAAAAAAAAAAAEABAAACSAAAAAAAAAAAAAAAAAAAAAKTGl0ZXJhdHVyZQAQAAgAAM/UKsYAAAARAAgAAMR9GA8AAAABABgADHu1AAx7OwALqGYACryJAAk+CAACZvkAAgBbTWFjaW50b3NoIEhEOlVzZXJzOgBtaWNoYToARGVza3RvcDoAZGF0YToAc3luYzoATGl0ZXJhdHVyZToAU2F1ZXJsYW5kXzIwMDRfU2NhbGFyI0M3RjdGLnBkZgAADgB4ADsAUwBhAHUAZQByAGwAYQBuAGQAXwAyADAAMAA0AF8AUwBjAGEAbABhAHIAIABJAG0AcABsAGkAYwBhAHQAdQByAGUAcwAgAGkAbgAgAEMAbwBtAHAAbABlAHgAIABTAGUAbgB0AGUAbgBjAGUAcwAuAHAAZABmAA8AGgAMAE0AYQBjAGkAbgB0AG8AcwBoACAASABEABIAZFVzZXJzL21pY2hhL0Rlc2t0b3AvZGF0YS9zeW5jL0xpdGVyYXR1cmUvU2F1ZXJsYW5kXzIwMDRfU2NhbGFyIEltcGxpY2F0dXJlcyBpbiBDb21wbGV4IFNlbnRlbmNlcy5wZGYAEwABLwAAFQACAAz//wAAgAbSGxwdHlokY2xhc3NuYW1lWCRjbGFzc2VzXU5TTXV0YWJsZURhdGGjHR8gVk5TRGF0YVhOU09iamVjdNIbHCIjXE5TRGljdGlvbmFyeaIiIF8QD05TS2V5ZWRBcmNoaXZlctEmJ1Ryb290gAEACAARABoAIwAtADIANwBAAEYATQBVAGAAZwBqAGwAbgBxAHMAdQB3AIQAjgDkAOkA8QM/A0EDRgNRA1oDaANsA3MDfAOBA44DkQOjA6YDqwAAAAAAAAIBAAAAAAAAACgAAAAAAAAAAAAAAAAAAAOt}}

@book{Kruschke2011:Doing-Bayesian-,
	Address = {Burlington, MA},
	Author = {John E. Kruschke},
	Date-Added = {2013-04-12 12:46:44 +0000},
	Date-Modified = {2014-01-30 11:12:53 +0000},
	Publisher = {Academic Press},
	Title = {Doing {B}ayesian Data Analysis},
	Year = {2011}}

@book{Fery93,
	Address = {T\"ubingen},
	Author = {Caroline F\'{e}ry},
	Publisher = {Niemeyer.},
	Title = {German intonational patterns},
	Year = {1993}}

@article{Geurts2009:Scalar-Implicat,
	Author = {Bart Geurts},
	Date-Added = {2008-09-05 12:18:39 +0200},
	Date-Modified = {2009-02-19 08:26:17 +0100},
	Journal = {Mind and Language},
	Local-Url = {file://localhost/Users/micha/Desktop/data/sync/Literature/Geurts_2009_Scalar%20Implicature%20and%20Local%20Pragmatics.pdf},
	Number = {1},
	Pages = {51--79},
	Title = {Scalar Implicature and Local Pragmatics},
	Volume = {24},
	Year = {2009},
	Bdsk-File-1 = {YnBsaXN0MDDUAQIDBAUGJCVYJHZlcnNpb25YJG9iamVjdHNZJGFyY2hpdmVyVCR0b3ASAAGGoKgHCBMUFRYaIVUkbnVsbNMJCgsMDxJXTlMua2V5c1pOUy5vYmplY3RzViRjbGFzc6INDoACgAOiEBGABIAFgAdccmVsYXRpdmVQYXRoWWFsaWFzRGF0YV8QTy4uL2RhdGEvc3luYy9MaXRlcmF0dXJlL0dldXJ0c18yMDA5X1NjYWxhciBJbXBsaWNhdHVyZSBhbmQgTG9jYWwgUHJhZ21hdGljcy5wZGbSFwsYGVdOUy5kYXRhTxECPgAAAAACPgACAAAMTWFjaW50b3NoIEhEAAAAAAAAAAAAAAAAAAAAz9RG5kgrAAAADHu1H0dldXJ0c18yMDA5X1NjYWxhciBJbSNDN0NDRi5wZGYAAAAAAAAAAAAAAAAAAAAAAAAAAAAAAAAAAAAAAAAAAAAMfM/FwtCIAAAAAAAAAAAAAQAEAAAJIAAAAAAAAAAAAAAAAAAAAApMaXRlcmF0dXJlABAACAAAz9QqxgAAABEACAAAxcLCeAAAAAEAGAAMe7UADHs7AAuoZgAKvIkACT4IAAJm+QACAFtNYWNpbnRvc2ggSEQ6VXNlcnM6AG1pY2hhOgBEZXNrdG9wOgBkYXRhOgBzeW5jOgBMaXRlcmF0dXJlOgBHZXVydHNfMjAwOV9TY2FsYXIgSW0jQzdDQ0YucGRmAAAOAHAANwBHAGUAdQByAHQAcwBfADIAMAAwADkAXwBTAGMAYQBsAGEAcgAgAEkAbQBwAGwAaQBjAGEAdAB1AHIAZQAgAGEAbgBkACAATABvAGMAYQBsACAAUAByAGEAZwBtAGEAdABpAGMAcwAuAHAAZABmAA8AGgAMAE0AYQBjAGkAbgB0AG8AcwBoACAASABEABIAYFVzZXJzL21pY2hhL0Rlc2t0b3AvZGF0YS9zeW5jL0xpdGVyYXR1cmUvR2V1cnRzXzIwMDlfU2NhbGFyIEltcGxpY2F0dXJlIGFuZCBMb2NhbCBQcmFnbWF0aWNzLnBkZgATAAEvAAAVAAIADP//AACABtIbHB0eWiRjbGFzc25hbWVYJGNsYXNzZXNdTlNNdXRhYmxlRGF0YaMdHyBWTlNEYXRhWE5TT2JqZWN00hscIiNcTlNEaWN0aW9uYXJ5oiIgXxAPTlNLZXllZEFyY2hpdmVy0SYnVHJvb3SAAQAIABEAGgAjAC0AMgA3AEAARgBNAFUAYABnAGoAbABuAHEAcwB1AHcAhACOAOAA5QDtAy8DMQM2A0EDSgNYA1wDYwNsA3EDfgOBA5MDlgObAAAAAAAAAgEAAAAAAAAAKAAAAAAAAAAAAAAAAAAAA50=}}

@inproceedings{Plummer2003:JAGS:-A-Program,
	Author = {Martyn Plummer},
	Booktitle = {Proceedings of the 3rd International Workshop on Distributed Statistical Computing},
	Date-Added = {2013-08-13 12:30:47 +0000},
	Date-Modified = {2014-01-30 11:13:22 +0000},
	Editor = {Kurt Hornik and Friedrich Leisch and Achim Zeileis},
	Title = {{JAGS}: {A} Program for Analysis of {B}ayesian Graphical Models Using {G}ibbs Sampling},
	Year = {2003},
	Bdsk-File-1 = {YnBsaXN0MDDUAQIDBAUGJCVYJHZlcnNpb25YJG9iamVjdHNZJGFyY2hpdmVyVCR0b3ASAAGGoKgHCBMUFRYaIVUkbnVsbNMJCgsMDxJXTlMua2V5c1pOUy5vYmplY3RzViRjbGFzc6INDoACgAOiEBGABIAFgAdccmVsYXRpdmVQYXRoWWFsaWFzRGF0YV8QZy4uL2RhdGEvc3luYy9MaXRlcmF0dXJlL1BsdW1tZXJfMjAwM19KQUdTIEEgUHJvZ3JhbSBmb3IgQW5hbHlzaXMgb2YgQmF5ZXNpYW4gR3JhcGhpY2FsIE1vZGVscyBVc2luZy5wZGbSFwsYGVdOUy5kYXRhTxEChgAAAAAChgACAAAMTWFjaW50b3NoIEhEAAAAAAAAAAAAAAAAAAAAz9RG5kgrAAAADHu1H1BsdW1tZXJfMjAwM19KQUdTIEEgUCNDN0YyOC5wZGYAAAAAAAAAAAAAAAAAAAAAAAAAAAAAAAAAAAAAAAAAAAAMfyjOL/PuAAAAAAAAAAAAAQAEAAAJIAAAAAAAAAAAAAAAAAAAAApMaXRlcmF0dXJlABAACAAAz9QqxgAAABEACAAAzi/XzgAAAAEAGAAMe7UADHs7AAuoZgAKvIkACT4IAAJm+QACAFtNYWNpbnRvc2ggSEQ6VXNlcnM6AG1pY2hhOgBEZXNrdG9wOgBkYXRhOgBzeW5jOgBMaXRlcmF0dXJlOgBQbHVtbWVyXzIwMDNfSkFHUyBBIFAjQzdGMjgucGRmAAAOAKAATwBQAGwAdQBtAG0AZQByAF8AMgAwADAAMwBfAEoAQQBHAFMAIABBACAAUAByAG8AZwByAGEAbQAgAGYAbwByACAAQQBuAGEAbAB5AHMAaQBzACAAbwBmACAAQgBhAHkAZQBzAGkAYQBuACAARwByAGEAcABoAGkAYwBhAGwAIABNAG8AZABlAGwAcwAgAFUAcwBpAG4AZwAuAHAAZABmAA8AGgAMAE0AYQBjAGkAbgB0AG8AcwBoACAASABEABIAeFVzZXJzL21pY2hhL0Rlc2t0b3AvZGF0YS9zeW5jL0xpdGVyYXR1cmUvUGx1bW1lcl8yMDAzX0pBR1MgQSBQcm9ncmFtIGZvciBBbmFseXNpcyBvZiBCYXllc2lhbiBHcmFwaGljYWwgTW9kZWxzIFVzaW5nLnBkZgATAAEvAAAVAAIADP//AACABtIbHB0eWiRjbGFzc25hbWVYJGNsYXNzZXNdTlNNdXRhYmxlRGF0YaMdHyBWTlNEYXRhWE5TT2JqZWN00hscIiNcTlNEaWN0aW9uYXJ5oiIgXxAPTlNLZXllZEFyY2hpdmVy0SYnVHJvb3SAAQAIABEAGgAjAC0AMgA3AEAARgBNAFUAYABnAGoAbABuAHEAcwB1AHcAhACOAPgA/QEFA48DkQOWA6EDqgO4A7wDwwPMA9ED3gPhA/MD9gP7AAAAAAAAAgEAAAAAAAAAKAAAAAAAAAAAAAAAAAAAA/0=}}

@book{Grabe98,
	Address = {Wageningen},
	Author = {Esther Grabe},
	Publisher = {Ponsen en Looien},
	Series = {MPI Series in Psycholinguistics},
	Title = {Comparative Intonational Phonology: English and German},
	Volume = {7},
	Year = {1998}}

@article{ChemlaSingh2014:Remarks-on-the-,
	Author = {Emmanuel Chemla and Raij Singh},
	Date-Added = {2014-11-20 11:18:16 +0000},
	Date-Modified = {2014-11-20 11:54:56 +0000},
	Journal = {Language and Linguistics Compass},
	Number = {9},
	Pages = {373--386, 387--399},
	Title = {Remarks on the Experimental Turn in the Study of Scalar Implicature (Part I \& II)},
	Volume = {8},
	Year = {2014},
	Bdsk-File-1 = {YnBsaXN0MDDUAQIDBAUGJCVYJHZlcnNpb25YJG9iamVjdHNZJGFyY2hpdmVyVCR0b3ASAAGGoKgHCBMUFRYaIVUkbnVsbNMJCgsMDxJXTlMua2V5c1pOUy5vYmplY3RzViRjbGFzc6INDoACgAOiEBGABIAFgAdccmVsYXRpdmVQYXRoWWFsaWFzRGF0YV8Qdi4uL2RhdGEvc3luYy9MaXRlcmF0dXJlL0NoZW1sYVNpbmdoXzIwMTRfUmVtYXJrcyBvbiB0aGUgRXhwZXJpbWVudGFsIFR1cm4gaW4gdGhlIFN0dWR5IG9mIFNjYWxhciBJbXBsaWNhdHVyZSAoUGFydC5wZGbSFwsYGVdOUy5kYXRhTxECtAAAAAACtAACAAAMTWFjaW50b3NoIEhEAAAAAAAAAAAAAAAAAAAAz9RG5kgrAAAADHu1H0NoZW1sYVNpbmdoXzIwMTRfUmVtI0FCMDA2My5wZGYAAAAAAAAAAAAAAAAAAAAAAAAAAAAAAAAAAAAAAAAAAACrAGPQk4x2AAAAAAAAAAAAAQAEAAAJIAAAAAAAAAAAAAAAAAAAAApMaXRlcmF0dXJlABAACAAAz9QqxgAAABEACAAA0JN+ZgAAAAEAGAAMe7UADHs7AAuoZgAKvIkACT4IAAJm+QACAFtNYWNpbnRvc2ggSEQ6VXNlcnM6AG1pY2hhOgBEZXNrdG9wOgBkYXRhOgBzeW5jOgBMaXRlcmF0dXJlOgBDaGVtbGFTaW5naF8yMDE0X1JlbSNBQjAwNjMucGRmAAAOAL4AXgBDAGgAZQBtAGwAYQBTAGkAbgBnAGgAXwAyADAAMQA0AF8AUgBlAG0AYQByAGsAcwAgAG8AbgAgAHQAaABlACAARQB4AHAAZQByAGkAbQBlAG4AdABhAGwAIABUAHUAcgBuACAAaQBuACAAdABoAGUAIABTAHQAdQBkAHkAIABvAGYAIABTAGMAYQBsAGEAcgAgAEkAbQBwAGwAaQBjAGEAdAB1AHIAZQAgACgAUABhAHIAdAAuAHAAZABmAA8AGgAMAE0AYQBjAGkAbgB0AG8AcwBoACAASABEABIAh1VzZXJzL21pY2hhL0Rlc2t0b3AvZGF0YS9zeW5jL0xpdGVyYXR1cmUvQ2hlbWxhU2luZ2hfMjAxNF9SZW1hcmtzIG9uIHRoZSBFeHBlcmltZW50YWwgVHVybiBpbiB0aGUgU3R1ZHkgb2YgU2NhbGFyIEltcGxpY2F0dXJlIChQYXJ0LnBkZgAAEwABLwAAFQACAAz//wAAgAbSGxwdHlokY2xhc3NuYW1lWCRjbGFzc2VzXU5TTXV0YWJsZURhdGGjHR8gVk5TRGF0YVhOU09iamVjdNIbHCIjXE5TRGljdGlvbmFyeaIiIF8QD05TS2V5ZWRBcmNoaXZlctEmJ1Ryb290gAEACAARABoAIwAtADIANwBAAEYATQBVAGAAZwBqAGwAbgBxAHMAdQB3AIQAjgEHAQwBFAPMA84D0wPeA+cD9QP5BAAECQQOBBsEHgQwBDMEOAAAAAAAAAIBAAAAAAAAACgAAAAAAAAAAAAAAAAAAAQ6}}

@unpublished{FoxSpector:Economy-and-Emb,
	Author = {Danny Fox and Benjamin Spector},
	Date-Added = {2011-03-22 15:20:36 +0100},
	Date-Modified = {2011-03-25 12:14:45 +0100},
	Month = {May},
	Note = {Handout for a talk given at Cornell University},
	Title = {Economy and Embedded Exhaustification},
	Url = {http://web.mit.edu/linguistics/people/faculty/fox/Fox_Spector_Cornell.pdf},
	Year = {2009},
	Bdsk-File-1 = {YnBsaXN0MDDUAQIDBAUGJCVYJHZlcnNpb25YJG9iamVjdHNZJGFyY2hpdmVyVCR0b3ASAAGGoKgHCBMUFRYaIVUkbnVsbNMJCgsMDxJXTlMua2V5c1pOUy5vYmplY3RzViRjbGFzc6INDoACgAOiEBGABIAFgAdccmVsYXRpdmVQYXRoWWFsaWFzRGF0YV8QUS4uL2RhdGEvc3luYy9MaXRlcmF0dXJlL0ZveFNwZWN0b3JfMjAwOV9FY29ub215IGFuZCBFbWJlZGRlZCBFeGhhdXN0aWZpY2F0aW9uLnBkZtIXCxgZV05TLmRhdGFPEQJEAAAAAAJEAAIAAAxNYWNpbnRvc2ggSEQAAAAAAAAAAAAAAAAAAADP1EbmSCsAAAAMe7UfRm94U3BlY3Rvcl8yMDA5X0Vjb25vI0M3QzkzLnBkZgAAAAAAAAAAAAAAAAAAAAAAAAAAAAAAAAAAAAAAAAAAAAx8k8mzfSUAAAAAAAAAAAABAAQAAAkgAAAAAAAAAAAAAAAAAAAACkxpdGVyYXR1cmUAEAAIAADP1CrGAAAAEQAIAADJs28VAAAAAQAYAAx7tQAMezsAC6hmAAq8iQAJPggAAmb5AAIAW01hY2ludG9zaCBIRDpVc2VyczoAbWljaGE6AERlc2t0b3A6AGRhdGE6AHN5bmM6AExpdGVyYXR1cmU6AEZveFNwZWN0b3JfMjAwOV9FY29ubyNDN0M5My5wZGYAAA4AdAA5AEYAbwB4AFMAcABlAGMAdABvAHIAXwAyADAAMAA5AF8ARQBjAG8AbgBvAG0AeQAgAGEAbgBkACAARQBtAGIAZQBkAGQAZQBkACAARQB4AGgAYQB1AHMAdABpAGYAaQBjAGEAdABpAG8AbgAuAHAAZABmAA8AGgAMAE0AYQBjAGkAbgB0AG8AcwBoACAASABEABIAYlVzZXJzL21pY2hhL0Rlc2t0b3AvZGF0YS9zeW5jL0xpdGVyYXR1cmUvRm94U3BlY3Rvcl8yMDA5X0Vjb25vbXkgYW5kIEVtYmVkZGVkIEV4aGF1c3RpZmljYXRpb24ucGRmABMAAS8AABUAAgAM//8AAIAG0hscHR5aJGNsYXNzbmFtZVgkY2xhc3Nlc11OU011dGFibGVEYXRhox0fIFZOU0RhdGFYTlNPYmplY3TSGxwiI1xOU0RpY3Rpb25hcnmiIiBfEA9OU0tleWVkQXJjaGl2ZXLRJidUcm9vdIABAAgAEQAaACMALQAyADcAQABGAE0AVQBgAGcAagBsAG4AcQBzAHUAdwCEAI4A4gDnAO8DNwM5Az4DSQNSA2ADZANrA3QDeQOGA4kDmwOeA6MAAAAAAAACAQAAAAAAAAAoAAAAAAAAAAAAAAAAAAADpQ==}}
