#extracted bib from paper.tex and ./MyRefGlobal.bib at time.struct_time(tm_year=2016, tm_mon=3, tm_mday=15, tm_hour=12, tm_min=48, tm_sec=36, tm_wday=1, tm_yday=75, tm_isdst=0)
@preamble{"\newcommand{\SortNoop}[1]{}"} 

@article{DalrympleKanazawa1998:Reciprocal-Expr,
	Author = {Mary Dalrymple and Makoto Kanazawa and Yookyung Kim and Sam Mchombo and Stanley Peters},
	Date-Added = {2012-05-20 09:16:26 +0000},
	Date-Modified = {2012-05-20 09:20:15 +0000},
	Doi = {10.1023/A:1005330227480},
	Journal = {Linguistics and Philosophy},
	Keywords = {strongest meaning hypothesis},
	Number = {2},
	Pages = {159--210},
	Title = {Reciprocal Expressions and the Concept of Reciprocity},
	Volume = {21},
	Year = {1998},
	Bdsk-File-1 = {YnBsaXN0MDDUAQIDBAUGJCVYJHZlcnNpb25YJG9iamVjdHNZJGFyY2hpdmVyVCR0b3ASAAGGoKgHCBMUFRYaIVUkbnVsbNMJCgsMDxJXTlMua2V5c1pOUy5vYmplY3RzViRjbGFzc6INDoACgAOiEBGABIAFgAdccmVsYXRpdmVQYXRoWWFsaWFzRGF0YV8QeS4uLy4uLy4uLy4uL0Rlc2t0b3AvZGF0YS9zeW5jL0xpdGVyYXR1cmUvRGFscnltcGxlS2FuYXphd2FfMTk5OF9SZWNpcHJvY2FsIEV4cHJlc3Npb25zIGFuZCB0aGUgQ29uY2VwdCBvZiBSZWNpcHJvY2l0eS5wZGbSFwsYGVdOUy5kYXRhTxECigAAAAACigACAAAMTWFjaW50b3NoIEhEAAAAAAAAAAAAAAAAAAAAz9RG5kgrAAAADHu1H0RhbHJ5bXBsZUthbmF6YXdhXzE5OSNDN0M1QS5wZGYAAAAAAAAAAAAAAAAAAAAAAAAAAAAAAAAAAAAAAAAAAAAMfFrL3oOpAAAAAAAAAAAABAAFAAAJIAAAAAAAAAAAAAAAAAAAAApMaXRlcmF0dXJlABAACAAAz9QqxgAAABEACAAAy95niQAAAAEAGAAMe7UADHs7AAuoZgAKvIkACT4IAAJm+QACAFtNYWNpbnRvc2ggSEQ6VXNlcnM6AG1pY2hhOgBEZXNrdG9wOgBkYXRhOgBzeW5jOgBMaXRlcmF0dXJlOgBEYWxyeW1wbGVLYW5hemF3YV8xOTkjQzdDNUEucGRmAAAOAKIAUABEAGEAbAByAHkAbQBwAGwAZQBLAGEAbgBhAHoAYQB3AGEAXwAxADkAOQA4AF8AUgBlAGMAaQBwAHIAbwBjAGEAbAAgAEUAeABwAHIAZQBzAHMAaQBvAG4AcwAgAGEAbgBkACAAdABoAGUAIABDAG8AbgBjAGUAcAB0ACAAbwBmACAAUgBlAGMAaQBwAHIAbwBjAGkAdAB5AC4AcABkAGYADwAaAAwATQBhAGMAaQBuAHQAbwBzAGgAIABIAEQAEgB5VXNlcnMvbWljaGEvRGVza3RvcC9kYXRhL3N5bmMvTGl0ZXJhdHVyZS9EYWxyeW1wbGVLYW5hemF3YV8xOTk4X1JlY2lwcm9jYWwgRXhwcmVzc2lvbnMgYW5kIHRoZSBDb25jZXB0IG9mIFJlY2lwcm9jaXR5LnBkZgAAEwABLwAAFQACAAz//wAAgAbSGxwdHlokY2xhc3NuYW1lWCRjbGFzc2VzXU5TTXV0YWJsZURhdGGjHR8gVk5TRGF0YVhOU09iamVjdNIbHCIjXE5TRGljdGlvbmFyeaIiIF8QD05TS2V5ZWRBcmNoaXZlctEmJ1Ryb290gAEACAARABoAIwAtADIANwBAAEYATQBVAGAAZwBqAGwAbgBxAHMAdQB3AIQAjgEKAQ8BFwOlA6cDrAO3A8ADzgPSA9kD4gPnA/QD9wQJBAwEEQAAAAAAAAIBAAAAAAAAACgAAAAAAAAAAAAAAAAAAAQT}}


@article{CliftonDube2010:Embedded-Implic,
	Author = {Charles Clifton and Chad Dube},
	Date-Added = {2012-03-27 10:54:49 +0200},
	Date-Modified = {2012-03-27 10:56:25 +0200},
	Doi = {10.3765/sp.3.7},
	Journal = {Semantics \& Pragmatics},
	Number = {7},
	Pages = {1--13},
	Title = {Embedded Implicatures Observed: {A} Comment on {G}eurts and {P}ouscoulous (2009)},
	Volume = {3},
	Year = {2010},
	Bdsk-File-1 = {YnBsaXN0MDDUAQIDBAUGJCVYJHZlcnNpb25YJG9iamVjdHNZJGFyY2hpdmVyVCR0b3ASAAGGoKgHCBMUFRYaIVUkbnVsbNMJCgsMDxJXTlMua2V5c1pOUy5vYmplY3RzViRjbGFzc6INDoACgAOiEBGABIAFgAdccmVsYXRpdmVQYXRoWWFsaWFzRGF0YV8Qhy4uLy4uLy4uLy4uL0Rlc2t0b3AvZGF0YS9zeW5jL0xpdGVyYXR1cmUvQ2xpZnRvbkR1YmVfMjAxMF9FbWJlZGRlZCBJbXBsaWNhdHVyZXMgT2JzZXJ2ZWQgQSBDb21tZW50IG9uIEdldXJ0cyBhbmQgUG91c2NvdWxvdXMgKDIwMDkpLnBkZtIXCxgZV05TLmRhdGFPEQK0AAAAAAK0AAIAAAxNYWNpbnRvc2ggSEQAAAAAAAAAAAAAAAAAAADP1EbmSCsAAAAMe7UfQ2xpZnRvbkR1YmVfMjAxMF9FbWJlI0M3QzQ4LnBkZgAAAAAAAAAAAAAAAAAAAAAAAAAAAAAAAAAAAAAAAAAAAAx8SMuXTO8AAAAAAAAAAAAEAAUAAAkgAAAAAAAAAAAAAAAAAAAACkxpdGVyYXR1cmUAEAAIAADP1CrGAAAAEQAIAADLlzDPAAAAAQAYAAx7tQAMezsAC6hmAAq8iQAJPggAAmb5AAIAW01hY2ludG9zaCBIRDpVc2VyczoAbWljaGE6AERlc2t0b3A6AGRhdGE6AHN5bmM6AExpdGVyYXR1cmU6AENsaWZ0b25EdWJlXzIwMTBfRW1iZSNDN0M0OC5wZGYAAA4AvgBeAEMAbABpAGYAdABvAG4ARAB1AGIAZQBfADIAMAAxADAAXwBFAG0AYgBlAGQAZABlAGQAIABJAG0AcABsAGkAYwBhAHQAdQByAGUAcwAgAE8AYgBzAGUAcgB2AGUAZAAgAEEAIABDAG8AbQBtAGUAbgB0ACAAbwBuACAARwBlAHUAcgB0AHMAIABhAG4AZAAgAFAAbwB1AHMAYwBvAHUAbABvAHUAcwAgACgAMgAwADAAOQApAC4AcABkAGYADwAaAAwATQBhAGMAaQBuAHQAbwBzAGgAIABIAEQAEgCHVXNlcnMvbWljaGEvRGVza3RvcC9kYXRhL3N5bmMvTGl0ZXJhdHVyZS9DbGlmdG9uRHViZV8yMDEwX0VtYmVkZGVkIEltcGxpY2F0dXJlcyBPYnNlcnZlZCBBIENvbW1lbnQgb24gR2V1cnRzIGFuZCBQb3VzY291bG91cyAoMjAwOSkucGRmAAATAAEvAAAVAAIADP//AACABtIbHB0eWiRjbGFzc25hbWVYJGNsYXNzZXNdTlNNdXRhYmxlRGF0YaMdHyBWTlNEYXRhWE5TT2JqZWN00hscIiNcTlNEaWN0aW9uYXJ5oiIgXxAPTlNLZXllZEFyY2hpdmVy0SYnVHJvb3SAAQAIABEAGgAjAC0AMgA3AEAARgBNAFUAYABnAGoAbABuAHEAcwB1AHcAhACOARgBHQElA90D3wPkA+8D+AQGBAoEEQQaBB8ELAQvBEEERARJAAAAAAAAAgEAAAAAAAAAKAAAAAAAAAAAAAAAAAAABEs=}}

@article{CobrerosEgre2012:Tolerant-Classi,
	Author = {Pablo Cobreros and Paul \'{E}gr\'{e} and David Ripley and {\SortNoop{Rooij}}van Rooij, Robert},
	Date-Added = {2014-10-02 08:07:58 +0000},
	Date-Modified = {2014-10-02 08:09:20 +0000},
	Doi = {10.1007/s10992-010-9165-z},
	Journal = {Journal of Philosophical Logic},
	Number = {2},
	Pages = {347--385},
	Title = {Tolerant, Classical, Strict},
	Volume = {41},
	Year = {2012},
	Bdsk-File-1 = {YnBsaXN0MDDUAQIDBAUGJCVYJHZlcnNpb25YJG9iamVjdHNZJGFyY2hpdmVyVCR0b3ASAAGGoKgHCBMUFRYaIVUkbnVsbNMJCgsMDxJXTlMua2V5c1pOUy5vYmplY3RzViRjbGFzc6INDoACgAOiEBGABIAFgAdccmVsYXRpdmVQYXRoWWFsaWFzRGF0YV8QWi4uLy4uLy4uLy4uL0Rlc2t0b3AvZGF0YS9zeW5jL0xpdGVyYXR1cmUvQ29icmVyb3NFZ3JlXzIwMTJfVG9sZXJhbnQsIENsYXNzaWNhbCwgU3RyaWN0LnBkZtIXCxgZV05TLmRhdGFPEQIsAAAAAAIsAAIAAAxNYWNpbnRvc2ggSEQAAAAAAAAAAAAAAAAAAADP1EbmSCsAAAAMe7UfQ29icmVyb3NFZ3JlXzIwMTJfVG8jMzY2OTNDLnBkZgAAAAAAAAAAAAAAAAAAAAAAAAAAAAAAAAAAAAAAAAAAADZpPNBS1MgAAAAAAAAAAAAEAAUAAAkgAAAAAAAAAAAAAAAAAAAACkxpdGVyYXR1cmUAEAAIAADP1CrGAAAAEQAIAADQUrioAAAAAQAYAAx7tQAMezsAC6hmAAq8iQAJPggAAmb5AAIAW01hY2ludG9zaCBIRDpVc2VyczoAbWljaGE6AERlc2t0b3A6AGRhdGE6AHN5bmM6AExpdGVyYXR1cmU6AENvYnJlcm9zRWdyZV8yMDEyX1RvIzM2NjkzQy5wZGYAAA4AZAAxAEMAbwBiAHIAZQByAG8AcwBFAGcAcgBlAF8AMgAwADEAMgBfAFQAbwBsAGUAcgBhAG4AdAAsACAAQwBsAGEAcwBzAGkAYwBhAGwALAAgAFMAdAByAGkAYwB0AC4AcABkAGYADwAaAAwATQBhAGMAaQBuAHQAbwBzAGgAIABIAEQAEgBaVXNlcnMvbWljaGEvRGVza3RvcC9kYXRhL3N5bmMvTGl0ZXJhdHVyZS9Db2JyZXJvc0VncmVfMjAxMl9Ub2xlcmFudCwgQ2xhc3NpY2FsLCBTdHJpY3QucGRmABMAAS8AABUAAgAM//8AAIAG0hscHR5aJGNsYXNzbmFtZVgkY2xhc3Nlc11OU011dGFibGVEYXRhox0fIFZOU0RhdGFYTlNPYmplY3TSGxwiI1xOU0RpY3Rpb25hcnmiIiBfEA9OU0tleWVkQXJjaGl2ZXLRJidUcm9vdIABAAgAEQAaACMALQAyADcAQABGAE0AVQBgAGcAagBsAG4AcQBzAHUAdwCEAI4A6wDwAPgDKAMqAy8DOgNDA1EDVQNcA2UDagN3A3oDjAOPA5QAAAAAAAACAQAAAAAAAAAoAAAAAAAAAAAAAAAAAAADlg==}}

@article{GeurtsTielvan-Tiel2013:Embedded-Scalar,
	Author = {Bart Geurts and {\SortNoop{Tiel}}{van Tiel}, Bob},
	Date-Added = {2014-01-03 06:51:36 +0000},
	Date-Modified = {2014-01-03 06:52:52 +0000},
	Doi = {10.3765/sp.6.9},
	Journal = {Semantics \& Pragmatics},
	Number = {9},
	Pages = {1--37},
	Title = {Embedded Scalars},
	Volume = {6},
	Year = {2013},
	Bdsk-File-1 = {YnBsaXN0MDDUAQIDBAUGJCVYJHZlcnNpb25YJG9iamVjdHNZJGFyY2hpdmVyVCR0b3ASAAGGoKgHCBMUFRYaIVUkbnVsbNMJCgsMDxJXTlMua2V5c1pOUy5vYmplY3RzViRjbGFzc6INDoACgAOiEBGABIAFgAdccmVsYXRpdmVQYXRoWWFsaWFzRGF0YV8QVS4uLy4uLy4uLy4uL0Rlc2t0b3AvZGF0YS9zeW5jL0xpdGVyYXR1cmUvR2V1cnRzVGllbHZhbiBUaWVsXzIwMTNfRW1iZWRkZWQgU2NhbGFycy5wZGbSFwsYGVdOUy5kYXRhTxECHgAAAAACHgACAAAMTWFjaW50b3NoIEhEAAAAAAAAAAAAAAAAAAAAz9RG5kgrAAAADHu1H0dldXJ0c1RpZWx2YW4gVGllbF8yMCNDN0NDQy5wZGYAAAAAAAAAAAAAAAAAAAAAAAAAAAAAAAAAAAAAAAAAAAAMfMzPvHQuAAAAAAAAAAAABAAFAAAJIAAAAAAAAAAAAAAAAAAAAApMaXRlcmF0dXJlABAACAAAz9QqxgAAABEACAAAz7xYDgAAAAEAGAAMe7UADHs7AAuoZgAKvIkACT4IAAJm+QACAFtNYWNpbnRvc2ggSEQ6VXNlcnM6AG1pY2hhOgBEZXNrdG9wOgBkYXRhOgBzeW5jOgBMaXRlcmF0dXJlOgBHZXVydHNUaWVsdmFuIFRpZWxfMjAjQzdDQ0MucGRmAAAOAFoALABHAGUAdQByAHQAcwBUAGkAZQBsAHYAYQBuACAAVABpAGUAbABfADIAMAAxADMAXwBFAG0AYgBlAGQAZABlAGQAIABTAGMAYQBsAGEAcgBzAC4AcABkAGYADwAaAAwATQBhAGMAaQBuAHQAbwBzAGgAIABIAEQAEgBVVXNlcnMvbWljaGEvRGVza3RvcC9kYXRhL3N5bmMvTGl0ZXJhdHVyZS9HZXVydHNUaWVsdmFuIFRpZWxfMjAxM19FbWJlZGRlZCBTY2FsYXJzLnBkZgAAEwABLwAAFQACAAz//wAAgAbSGxwdHlokY2xhc3NuYW1lWCRjbGFzc2VzXU5TTXV0YWJsZURhdGGjHR8gVk5TRGF0YVhOU09iamVjdNIbHCIjXE5TRGljdGlvbmFyeaIiIF8QD05TS2V5ZWRBcmNoaXZlctEmJ1Ryb290gAEACAARABoAIwAtADIANwBAAEYATQBVAGAAZwBqAGwAbgBxAHMAdQB3AIQAjgDmAOsA8wMVAxcDHAMnAzADPgNCA0kDUgNXA2QDZwN5A3wDgQAAAAAAAAIBAAAAAAAAACgAAAAAAAAAAAAAAAAAAAOD}}

@article{Fodor98,
	Author = {Janet Dean Fodor},
	Journal = {Journal of Psycholinguistic Research},
	Keywords = {silent prosody},
	Number = {2},
	Pages = {285--319},
	Title = {Learning to Parse},
	Volume = {27},
	Year = {1998}}

@incollection{KoniecznyHemforth2000,
	Address = {Amsterdam},
	Author = {L. Konieczny and B. Hemforth },
	Booktitle = {Reading as a perceptual process},
	Editor = {A. Kennedy and R. Radach and D. Heller and J. Pynte},
	Pages = {517-528},
	Publisher = {Elsevier},
	Title = {Modifier attachment inGerman: Relative clauses and prepositional phrases.},
	Year = {2000}}

@book{Crain1998,
	Address = {Cambridge, MA},
	Author = {Crain, S. and R. Thornton},
	Owner = {obxfs01},
	Publisher = {The MIT Press},
	Timestamp = {2012.07.09},
	Title = {Investigations in Universal Grammar: A Guide to Experiments in the Acquisition of Syntax and Semantics},
	Year = {1998}}

@article{Russell2006:Against-Grammat,
	Author = {Benjamin Russell},
	Date-Added = {2009-01-06 11:03:41 +0100},
	Date-Modified = {2011-01-24 22:28:34 +0100},
	Doi = {10.1093/jos/ffl008},
	Journal = {Journal of Semantics},
	Local-Url = {file://localhost/Users/micha/Desktop/data/sync/Literature/Russell_2006_Against%20Grammatical%20Computation%20of%20Scalar%20Implicatures.pdf},
	Number = {361--382},
	Title = {Against Grammatical Computation of Scalar Implicatures},
	Volume = {23},
	Year = {2006},
	Bdsk-File-1 = {YnBsaXN0MDDUAQIDBAUGJCVYJHZlcnNpb25YJG9iamVjdHNZJGFyY2hpdmVyVCR0b3ASAAGGoKgHCBMUFRYaIVUkbnVsbNMJCgsMDxJXTlMua2V5c1pOUy5vYmplY3RzViRjbGFzc6INDoACgAOiEBGABIAFgAdccmVsYXRpdmVQYXRoWWFsaWFzRGF0YV8QcC4uLy4uLy4uLy4uL0Rlc2t0b3AvZGF0YS9zeW5jL0xpdGVyYXR1cmUvUnVzc2VsbF8yMDA2X0FnYWluc3QgR3JhbW1hdGljYWwgQ29tcHV0YXRpb24gb2YgU2NhbGFyIEltcGxpY2F0dXJlcy5wZGbSFwsYGVdOUy5kYXRhTxECbgAAAAACbgACAAAMTWFjaW50b3NoIEhEAAAAAAAAAAAAAAAAAAAAz9RG5kgrAAAADHu1H1J1c3NlbGxfMjAwNl9BZ2FpbnN0ICNDN0Y3Ny5wZGYAAAAAAAAAAAAAAAAAAAAAAAAAAAAAAAAAAAAAAAAAAAAMf3fFkSq2AAAAAAAAAAAABAAFAAAJIAAAAAAAAAAAAAAAAAAAAApMaXRlcmF0dXJlABAACAAAz9QqxgAAABEACAAAxZEcpgAAAAEAGAAMe7UADHs7AAuoZgAKvIkACT4IAAJm+QACAFtNYWNpbnRvc2ggSEQ6VXNlcnM6AG1pY2hhOgBEZXNrdG9wOgBkYXRhOgBzeW5jOgBMaXRlcmF0dXJlOgBSdXNzZWxsXzIwMDZfQWdhaW5zdCAjQzdGNzcucGRmAAAOAJAARwBSAHUAcwBzAGUAbABsAF8AMgAwADAANgBfAEEAZwBhAGkAbgBzAHQAIABHAHIAYQBtAG0AYQB0AGkAYwBhAGwAIABDAG8AbQBwAHUAdABhAHQAaQBvAG4AIABvAGYAIABTAGMAYQBsAGEAcgAgAEkAbQBwAGwAaQBjAGEAdAB1AHIAZQBzAC4AcABkAGYADwAaAAwATQBhAGMAaQBuAHQAbwBzAGgAIABIAEQAEgBwVXNlcnMvbWljaGEvRGVza3RvcC9kYXRhL3N5bmMvTGl0ZXJhdHVyZS9SdXNzZWxsXzIwMDZfQWdhaW5zdCBHcmFtbWF0aWNhbCBDb21wdXRhdGlvbiBvZiBTY2FsYXIgSW1wbGljYXR1cmVzLnBkZgATAAEvAAAVAAIADP//AACABtIbHB0eWiRjbGFzc25hbWVYJGNsYXNzZXNdTlNNdXRhYmxlRGF0YaMdHyBWTlNEYXRhWE5TT2JqZWN00hscIiNcTlNEaWN0aW9uYXJ5oiIgXxAPTlNLZXllZEFyY2hpdmVy0SYnVHJvb3SAAQAIABEAGgAjAC0AMgA3AEAARgBNAFUAYABnAGoAbABuAHEAcwB1AHcAhACOAQEBBgEOA4ADggOHA5IDmwOpA60DtAO9A8IDzwPSA+QD5wPsAAAAAAAAAgEAAAAAAAAAKAAAAAAAAAAAAAAAAAAAA+4=}}

@article{Sauerland2010:Embedded-Implic,
	Author = {Uli Sauerland},
	Date-Added = {2012-05-23 14:56:18 +0000},
	Date-Modified = {2012-05-23 14:59:03 +0000},
	Doi = {10.3765/sp.3.2},
	Journal = {Semantics \& Pragmatics},
	Number = {2},
	Pages = {1--13},
	Title = {Embedded Implicatures and Experimental Constraints: {A} Reply to Geurts \& Pouscoulous and Chemla},
	Volume = {3},
	Year = {2010},
	Bdsk-File-1 = {YnBsaXN0MDDUAQIDBAUGJCVYJHZlcnNpb25YJG9iamVjdHNZJGFyY2hpdmVyVCR0b3ASAAGGoKgHCBMUFRYaIVUkbnVsbNMJCgsMDxJXTlMua2V5c1pOUy5vYmplY3RzViRjbGFzc6INDoACgAOiEBGABIAFgAdccmVsYXRpdmVQYXRoWWFsaWFzRGF0YV8Qjy4uLy4uLy4uLy4uL0Rlc2t0b3AvZGF0YS9zeW5jL0xpdGVyYXR1cmUvU2F1ZXJsYW5kXzIwMTBfRW1iZWRkZWQgSW1wbGljYXR1cmVzIGFuZCBFeHBlcmltZW50YWwgQ29uc3RyYWludHMgQSBSZXBseSB0byBHZXVydHMgXCYgUG91c2NvdWxvdXMucGRm0hcLGBlXTlMuZGF0YU8RAswAAAAAAswAAgAADE1hY2ludG9zaCBIRAAAAAAAAAAAAAAAAAAAAM/URuZIKwAAAAx7tR9TYXVlcmxhbmRfMjAxMF9FbWJlZGQjQzdGODIucGRmAAAAAAAAAAAAAAAAAAAAAAAAAAAAAAAAAAAAAAAAAAAADH+Cy+LHaAAAAAAAAAAAAAQABQAACSAAAAAAAAAAAAAAAAAAAAAKTGl0ZXJhdHVyZQAQAAgAAM/UKsYAAAARAAgAAMviq0gAAAABABgADHu1AAx7OwALqGYACryJAAk+CAACZvkAAgBbTWFjaW50b3NoIEhEOlVzZXJzOgBtaWNoYToARGVza3RvcDoAZGF0YToAc3luYzoATGl0ZXJhdHVyZToAU2F1ZXJsYW5kXzIwMTBfRW1iZWRkI0M3RjgyLnBkZgAADgDOAGYAUwBhAHUAZQByAGwAYQBuAGQAXwAyADAAMQAwAF8ARQBtAGIAZQBkAGQAZQBkACAASQBtAHAAbABpAGMAYQB0AHUAcgBlAHMAIABhAG4AZAAgAEUAeABwAGUAcgBpAG0AZQBuAHQAYQBsACAAQwBvAG4AcwB0AHIAYQBpAG4AdABzACAAQQAgAFIAZQBwAGwAeQAgAHQAbwAgAEcAZQB1AHIAdABzACAAXAAmACAAUABvAHUAcwBjAG8AdQBsAG8AdQBzAC4AcABkAGYADwAaAAwATQBhAGMAaQBuAHQAbwBzAGgAIABIAEQAEgCPVXNlcnMvbWljaGEvRGVza3RvcC9kYXRhL3N5bmMvTGl0ZXJhdHVyZS9TYXVlcmxhbmRfMjAxMF9FbWJlZGRlZCBJbXBsaWNhdHVyZXMgYW5kIEV4cGVyaW1lbnRhbCBDb25zdHJhaW50cyBBIFJlcGx5IHRvIEdldXJ0cyBcJiBQb3VzY291bG91cy5wZGYAABMAAS8AABUAAgAM//8AAIAG0hscHR5aJGNsYXNzbmFtZVgkY2xhc3Nlc11OU011dGFibGVEYXRhox0fIFZOU0RhdGFYTlNPYmplY3TSGxwiI1xOU0RpY3Rpb25hcnmiIiBfEA9OU0tleWVkQXJjaGl2ZXLRJidUcm9vdIABAAgAEQAaACMALQAyADcAQABGAE0AVQBgAGcAagBsAG4AcQBzAHUAdwCEAI4BIAElAS0D/QP/BAQEDwQYBCYEKgQxBDoEPwRMBE8EYQRkBGkAAAAAAAACAQAAAAAAAAAoAAAAAAAAAAAAAAAAAAAEaw==}}

@article{Stechowvon-StechowZimmermann1984:Term-Answers-an,
	Author = {{\SortNoop{Stechow}}von Stechow, Arnim and Thomas Ede Zimmermann},
	Date-Added = {2010-09-13 11:39:43 +0200},
	Date-Modified = {2011-01-24 18:10:47 +0100},
	Doi = {doi:10.1515/ling.1984.22.1.3},
	Journal = {Linguistics},
	Number = {1},
	Pages = {3--40},
	Title = {Term Answers and Contextual Change},
	Volume = {22},
	Year = {1984},
	Bdsk-Url-1 = {http://dx.doi.org/10.1515/ling.1984.22.1.3}}

@phdthesis{GroenendijkStokhofThesis1984,
	Author = {Jeroen Groenendijk and Martin Stokhof},
	Date-Modified = {2011-10-11 09:26:50 +0200},
	Local-Url = {file://localhost/Users/micha/Desktop/data/sync/Literature/GroenendijkStokhof_1984_Studies%20in%20the%20Semantics%20of%20Questions%20and%20the%20Pragmatics%20of%20Answers.pdf},
	School = {Universiteit van Amsterdam},
	Title = {Studies in the Semantics of Questions and the Pragmatics of Answers},
	Year = {1984},
	Bdsk-File-1 = {YnBsaXN0MDDUAQIDBAUGJCVYJHZlcnNpb25YJG9iamVjdHNZJGFyY2hpdmVyVCR0b3ASAAGGoKgHCBMUFRYaIVUkbnVsbNMJCgsMDxJXTlMua2V5c1pOUy5vYmplY3RzViRjbGFzc6INDoACgAOiEBGABIAFgAdccmVsYXRpdmVQYXRoWWFsaWFzRGF0YV8QiC4uLy4uLy4uLy4uL0Rlc2t0b3AvZGF0YS9zeW5jL0xpdGVyYXR1cmUvR3JvZW5lbmRpamtTdG9raG9mXzE5ODRfU3R1ZGllcyBpbiB0aGUgU2VtYW50aWNzIG9mIFF1ZXN0aW9ucyBhbmQgdGhlIFByYWdtYXRpY3Mgb2YgQW5zd2Vycy5wZGbSFwsYGVdOUy5kYXRhTxECtgAAAAACtgACAAAMTWFjaW50b3NoIEhEAAAAAAAAAAAAAAAAAAAAz9RG5kgrAAAADHu1H0dyb2VuZW5kaWprU3Rva2hvZl8xOSNDN0NGOC5wZGYAAAAAAAAAAAAAAAAAAAAAAAAAAAAAAAAAAAAAAAAAAAAMfPjFrfRyAAAAAAAAAAAABAAFAAAJIAAAAAAAAAAAAAAAAAAAAApMaXRlcmF0dXJlABAACAAAz9QqxgAAABEACAAAxa3mYgAAAAEAGAAMe7UADHs7AAuoZgAKvIkACT4IAAJm+QACAFtNYWNpbnRvc2ggSEQ6VXNlcnM6AG1pY2hhOgBEZXNrdG9wOgBkYXRhOgBzeW5jOgBMaXRlcmF0dXJlOgBHcm9lbmVuZGlqa1N0b2tob2ZfMTkjQzdDRjgucGRmAAAOAMAAXwBHAHIAbwBlAG4AZQBuAGQAaQBqAGsAUwB0AG8AawBoAG8AZgBfADEAOQA4ADQAXwBTAHQAdQBkAGkAZQBzACAAaQBuACAAdABoAGUAIABTAGUAbQBhAG4AdABpAGMAcwAgAG8AZgAgAFEAdQBlAHMAdABpAG8AbgBzACAAYQBuAGQAIAB0AGgAZQAgAFAAcgBhAGcAbQBhAHQAaQBjAHMAIABvAGYAIABBAG4AcwB3AGUAcgBzAC4AcABkAGYADwAaAAwATQBhAGMAaQBuAHQAbwBzAGgAIABIAEQAEgCIVXNlcnMvbWljaGEvRGVza3RvcC9kYXRhL3N5bmMvTGl0ZXJhdHVyZS9Hcm9lbmVuZGlqa1N0b2tob2ZfMTk4NF9TdHVkaWVzIGluIHRoZSBTZW1hbnRpY3Mgb2YgUXVlc3Rpb25zIGFuZCB0aGUgUHJhZ21hdGljcyBvZiBBbnN3ZXJzLnBkZgATAAEvAAAVAAIADP//AACABtIbHB0eWiRjbGFzc25hbWVYJGNsYXNzZXNdTlNNdXRhYmxlRGF0YaMdHyBWTlNEYXRhWE5TT2JqZWN00hscIiNcTlNEaWN0aW9uYXJ5oiIgXxAPTlNLZXllZEFyY2hpdmVy0SYnVHJvb3SAAQAIABEAGgAjAC0AMgA3AEAARgBNAFUAYABnAGoAbABuAHEAcwB1AHcAhACOARkBHgEmA+AD4gPnA/ID+wQJBA0EFAQdBCIELwQyBEQERwRMAAAAAAAAAgEAAAAAAAAAKAAAAAAAAAAAAAAAAAAABE4=},
	Bdsk-File-2 = {YnBsaXN0MDDUAQIDBAUGJCVYJHZlcnNpb25YJG9iamVjdHNZJGFyY2hpdmVyVCR0b3ASAAGGoKgHCBMUFRYaIVUkbnVsbNMJCgsMDxJXTlMua2V5c1pOUy5vYmplY3RzViRjbGFzc6INDoACgAOiEBGABIAFgAdccmVsYXRpdmVQYXRoWWFsaWFzRGF0YV8QiS4uLy4uLy4uLy4uL0Rlc2t0b3AvZGF0YS9zeW5jL0xpdGVyYXR1cmUvR3JvZW5lbmRpamtTdG9raG9mXzE5ODRfU3R1ZGllcyBpbiB0aGUgU2VtYW50aWNzIG9mIFF1ZXN0aW9ucyBhbmQgdGhlIFByYWdtYXRpY3Mgb2YgQW5zd2Vyc2EucGRm0hcLGBlXTlMuZGF0YU8RAroAAAAAAroAAgAADE1hY2ludG9zaCBIRAAAAAAAAAAAAAAAAAAAAM/URuZIKwAAAAx7tR9Hcm9lbmVuZGlqa1N0b2tob2ZfMTkjQzdDRkIucGRmAAAAAAAAAAAAAAAAAAAAAAAAAAAAAAAAAAAAAAAAAAAADHz7xa30cwAAAAAAAAAAAAQABQAACSAAAAAAAAAAAAAAAAAAAAAKTGl0ZXJhdHVyZQAQAAgAAM/UKsYAAAARAAgAAMWt5mMAAAABABgADHu1AAx7OwALqGYACryJAAk+CAACZvkAAgBbTWFjaW50b3NoIEhEOlVzZXJzOgBtaWNoYToARGVza3RvcDoAZGF0YToAc3luYzoATGl0ZXJhdHVyZToAR3JvZW5lbmRpamtTdG9raG9mXzE5I0M3Q0ZCLnBkZgAADgDCAGAARwByAG8AZQBuAGUAbgBkAGkAagBrAFMAdABvAGsAaABvAGYAXwAxADkAOAA0AF8AUwB0AHUAZABpAGUAcwAgAGkAbgAgAHQAaABlACAAUwBlAG0AYQBuAHQAaQBjAHMAIABvAGYAIABRAHUAZQBzAHQAaQBvAG4AcwAgAGEAbgBkACAAdABoAGUAIABQAHIAYQBnAG0AYQB0AGkAYwBzACAAbwBmACAAQQBuAHMAdwBlAHIAcwBhAC4AcABkAGYADwAaAAwATQBhAGMAaQBuAHQAbwBzAGgAIABIAEQAEgCJVXNlcnMvbWljaGEvRGVza3RvcC9kYXRhL3N5bmMvTGl0ZXJhdHVyZS9Hcm9lbmVuZGlqa1N0b2tob2ZfMTk4NF9TdHVkaWVzIGluIHRoZSBTZW1hbnRpY3Mgb2YgUXVlc3Rpb25zIGFuZCB0aGUgUHJhZ21hdGljcyBvZiBBbnN3ZXJzYS5wZGYAABMAAS8AABUAAgAM//8AAIAG0hscHR5aJGNsYXNzbmFtZVgkY2xhc3Nlc11OU011dGFibGVEYXRhox0fIFZOU0RhdGFYTlNPYmplY3TSGxwiI1xOU0RpY3Rpb25hcnmiIiBfEA9OU0tleWVkQXJjaGl2ZXLRJidUcm9vdIABAAgAEQAaACMALQAyADcAQABGAE0AVQBgAGcAagBsAG4AcQBzAHUAdwCEAI4BGgEfAScD5QPnA+wD9wQABA4EEgQZBCIEJwQ0BDcESQRMBFEAAAAAAAACAQAAAAAAAAAoAAAAAAAAAAAAAAAAAAAEUw==}}

@book{Sudhoff10,
	Address = {Amsterdam},
	Author = {Stefan Sudhoff},
	Publisher = {Benjamins},
	Title = {Focus Particles in German: Syntax, Prosody, and Information Structure.},
	Year = {2010}}

@article{GoodmanStuhlmuller2013:Knowledge-and-I,
	Author = {Noah D. Goodman and Andreas Stuhlm\"{u}ller},
	Date-Added = {2013-02-21 05:51:00 +0000},
	Date-Modified = {2013-02-21 05:52:50 +0000},
	Doi = {10.1111/tops.12007},
	Journal = {Topics in Cognitive Science},
	Keywords = {Bayesian model, rational speech-act model, scalar implicatures, probability},
	Pages = {173--184},
	Title = {Knowledge and Implicature: {M}odeling Lanuage Understanding as Social Cognition},
	Volume = {5},
	Year = {2013},
	Bdsk-File-1 = {YnBsaXN0MDDUAQIDBAUGJCVYJHZlcnNpb25YJG9iamVjdHNZJGFyY2hpdmVyVCR0b3ASAAGGoKgHCBMUFRYaIVUkbnVsbNMJCgsMDxJXTlMua2V5c1pOUy5vYmplY3RzViRjbGFzc6INDoACgAOiEBGABIAFgAdccmVsYXRpdmVQYXRoWWFsaWFzRGF0YV8QkS4uLy4uLy4uLy4uL0Rlc2t0b3AvZGF0YS9zeW5jL0xpdGVyYXR1cmUvR29vZG1hblN0dWhsbXVsbGVyXzIwMTNfS25vd2xlZGdlIGFuZCBJbXBsaWNhdHVyZSBNb2RlbGluZyBMYW51YWdlIFVuZGVyc3RhbmRpbmcgYXMgU29jaWFsIENvZ25pdGlvbi5wZGbSFwsYGVdOUy5kYXRhTxEC0gAAAAAC0gACAAAMTWFjaW50b3NoIEhEAAAAAAAAAAAAAAAAAAAAz9RG5kgrAAAADHu1H0dvb2RtYW5TdHVobG11bGxlcl8yMCNDN0NFQy5wZGYAAAAAAAAAAAAAAAAAAAAAAAAAAAAAAAAAAAAAAAAAAAAMfOzOO4+VAAAAAAAAAAAABAAFAAAJIAAAAAAAAAAAAAAAAAAAAApMaXRlcmF0dXJlABAACAAAz9QqxgAAABEACAAAzjtzdQAAAAEAGAAMe7UADHs7AAuoZgAKvIkACT4IAAJm+QACAFtNYWNpbnRvc2ggSEQ6VXNlcnM6AG1pY2hhOgBEZXNrdG9wOgBkYXRhOgBzeW5jOgBMaXRlcmF0dXJlOgBHb29kbWFuU3R1aGxtdWxsZXJfMjAjQzdDRUMucGRmAAAOANIAaABHAG8AbwBkAG0AYQBuAFMAdAB1AGgAbABtAHUAbABsAGUAcgBfADIAMAAxADMAXwBLAG4AbwB3AGwAZQBkAGcAZQAgAGEAbgBkACAASQBtAHAAbABpAGMAYQB0AHUAcgBlACAATQBvAGQAZQBsAGkAbgBnACAATABhAG4AdQBhAGcAZQAgAFUAbgBkAGUAcgBzAHQAYQBuAGQAaQBuAGcAIABhAHMAIABTAG8AYwBpAGEAbAAgAEMAbwBnAG4AaQB0AGkAbwBuAC4AcABkAGYADwAaAAwATQBhAGMAaQBuAHQAbwBzAGgAIABIAEQAEgCRVXNlcnMvbWljaGEvRGVza3RvcC9kYXRhL3N5bmMvTGl0ZXJhdHVyZS9Hb29kbWFuU3R1aGxtdWxsZXJfMjAxM19Lbm93bGVkZ2UgYW5kIEltcGxpY2F0dXJlIE1vZGVsaW5nIExhbnVhZ2UgVW5kZXJzdGFuZGluZyBhcyBTb2NpYWwgQ29nbml0aW9uLnBkZgAAEwABLwAAFQACAAz//wAAgAbSGxwdHlokY2xhc3NuYW1lWCRjbGFzc2VzXU5TTXV0YWJsZURhdGGjHR8gVk5TRGF0YVhOU09iamVjdNIbHCIjXE5TRGljdGlvbmFyeaIiIF8QD05TS2V5ZWRBcmNoaXZlctEmJ1Ryb290gAEACAARABoAIwAtADIANwBAAEYATQBVAGAAZwBqAGwAbgBxAHMAdQB3AIQAjgEiAScBLwQFBAcEDAQXBCAELgQyBDkEQgRHBFQEVwRpBGwEcQAAAAAAAAIBAAAAAAAAACgAAAAAAAAAAAAAAAAAAARz}}

@article{NeysDe-NeysSchaeken2007:When-People-Are,
	Author = {{\SortNoop{Neys}}{De Neys}, Wim and Walter Schaeken},
	Date-Added = {2010-11-19 17:28:53 +0100},
	Date-Modified = {2010-11-19 17:30:38 +0100},
	Journal = {Experimental Psychology},
	Number = {2},
	Pages = {128--133},
	Title = {When People Are More Logical Under Cognitive Load: {D}ual Task Impact on Scalar Implicature},
	Volume = {54},
	Year = {2007},
	Bdsk-File-1 = {YnBsaXN0MDDUAQIDBAUGJCVYJHZlcnNpb25YJG9iamVjdHNZJGFyY2hpdmVyVCR0b3ASAAGGoKgHCBMUFRYaIVUkbnVsbNMJCgsMDxJXTlMua2V5c1pOUy5vYmplY3RzViRjbGFzc6INDoACgAOiEBGABIAFgAdccmVsYXRpdmVQYXRoWWFsaWFzRGF0YV8Qdy4uLy4uLy4uLy4uL0Rlc2t0b3AvZGF0YS9zeW5jL0xpdGVyYXR1cmUvTmV5c0RlIE5leXNTY2hhZWtlbl8yMDA3X1doZW4gUGVvcGxlIEFyZSBNb3JlIExvZ2ljYWwgVW5kZXIgQ29nbml0aXZlIExvYWQucGRm0hcLGBlXTlMuZGF0YU8RAoQAAAAAAoQAAgAADE1hY2ludG9zaCBIRAAAAAAAAAAAAAAAAAAAAM/URuZIKwAAAAx7tR9OZXlzRGUgTmV5c1NjaGFla2VuXzIjQzdERjkucGRmAAAAAAAAAAAAAAAAAAAAAAAAAAAAAAAAAAAAAAAAAAAADH35yQ9ZHQAAAAAAAAAAAAQABQAACSAAAAAAAAAAAAAAAAAAAAAKTGl0ZXJhdHVyZQAQAAgAAM/UKsYAAAARAAgAAMkPSw0AAAABABgADHu1AAx7OwALqGYACryJAAk+CAACZvkAAgBbTWFjaW50b3NoIEhEOlVzZXJzOgBtaWNoYToARGVza3RvcDoAZGF0YToAc3luYzoATGl0ZXJhdHVyZToATmV5c0RlIE5leXNTY2hhZWtlbl8yI0M3REY5LnBkZgAADgCeAE4ATgBlAHkAcwBEAGUAIABOAGUAeQBzAFMAYwBoAGEAZQBrAGUAbgBfADIAMAAwADcAXwBXAGgAZQBuACAAUABlAG8AcABsAGUAIABBAHIAZQAgAE0AbwByAGUAIABMAG8AZwBpAGMAYQBsACAAVQBuAGQAZQByACAAQwBvAGcAbgBpAHQAaQB2AGUAIABMAG8AYQBkAC4AcABkAGYADwAaAAwATQBhAGMAaQBuAHQAbwBzAGgAIABIAEQAEgB3VXNlcnMvbWljaGEvRGVza3RvcC9kYXRhL3N5bmMvTGl0ZXJhdHVyZS9OZXlzRGUgTmV5c1NjaGFla2VuXzIwMDdfV2hlbiBQZW9wbGUgQXJlIE1vcmUgTG9naWNhbCBVbmRlciBDb2duaXRpdmUgTG9hZC5wZGYAABMAAS8AABUAAgAM//8AAIAG0hscHR5aJGNsYXNzbmFtZVgkY2xhc3Nlc11OU011dGFibGVEYXRhox0fIFZOU0RhdGFYTlNPYmplY3TSGxwiI1xOU0RpY3Rpb25hcnmiIiBfEA9OU0tleWVkQXJjaGl2ZXLRJidUcm9vdIABAAgAEQAaACMALQAyADcAQABGAE0AVQBgAGcAagBsAG4AcQBzAHUAdwCEAI4BCAENARUDnQOfA6QDrwO4A8YDygPRA9oD3wPsA+8EAQQEBAkAAAAAAAACAQAAAAAAAAAoAAAAAAAAAAAAAAAAAAAECw==}}

@article{Cummins2014:Typicality-made,
	Author = {Chris Cummins},
	Date-Added = {2014-01-03 06:41:43 +0000},
	Date-Modified = {2014-08-29 09:43:10 +0000},
	Doi = {10.3765/sp.7.8},
	Journal = {Semantics \& Pragmatics},
	Pages = {1--15},
	Title = {Typicality made familiar: {A} commentary on {G}eurts and van {T}iel (2013)},
	Volume = {7},
	Year = {2014},
	Bdsk-File-1 = {YnBsaXN0MDDUAQIDBAUGJCVYJHZlcnNpb25YJG9iamVjdHNZJGFyY2hpdmVyVCR0b3ASAAGGoKgHCBMUFRYaIVUkbnVsbNMJCgsMDxJXTlMua2V5c1pOUy5vYmplY3RzViRjbGFzc6INDoACgAOiEBGABIAFgAdccmVsYXRpdmVQYXRoWWFsaWFzRGF0YV8QfS4uLy4uLy4uLy4uL0Rlc2t0b3AvZGF0YS9zeW5jL0xpdGVyYXR1cmUvQ3VtbWluc18yMDE0X1R5cGljYWxpdHkgbWFkZSBmYW1pbGlhciBBIGNvbW1lbnRhcnkgb24gR2V1cnRzIGFuZCB2YW4gVGllbCAoMjAxMykucGRm0hcLGBlXTlMuZGF0YU8RApYAAAAAApYAAgAADE1hY2ludG9zaCBIRAAAAAAAAAAAAAAAAAAAAM/URuZIKwAAAAx7tR9DdW1taW5zXzIwMTRfVHlwaWNhbCMyMUUyNEYucGRmAAAAAAAAAAAAAAAAAAAAAAAAAAAAAAAAAAAAAAAAAAAAIeJP0CYXrgAAAAAAAAAAAAQABQAACSAAAAAAAAAAAAAAAAAAAAAKTGl0ZXJhdHVyZQAQAAgAAM/UKsYAAAARAAgAANAl+44AAAABABgADHu1AAx7OwALqGYACryJAAk+CAACZvkAAgBbTWFjaW50b3NoIEhEOlVzZXJzOgBtaWNoYToARGVza3RvcDoAZGF0YToAc3luYzoATGl0ZXJhdHVyZToAQ3VtbWluc18yMDE0X1R5cGljYWwjMjFFMjRGLnBkZgAADgCqAFQAQwB1AG0AbQBpAG4AcwBfADIAMAAxADQAXwBUAHkAcABpAGMAYQBsAGkAdAB5ACAAbQBhAGQAZQAgAGYAYQBtAGkAbABpAGEAcgAgAEEAIABjAG8AbQBtAGUAbgB0AGEAcgB5ACAAbwBuACAARwBlAHUAcgB0AHMAIABhAG4AZAAgAHYAYQBuACAAVABpAGUAbAAgACgAMgAwADEAMwApAC4AcABkAGYADwAaAAwATQBhAGMAaQBuAHQAbwBzAGgAIABIAEQAEgB9VXNlcnMvbWljaGEvRGVza3RvcC9kYXRhL3N5bmMvTGl0ZXJhdHVyZS9DdW1taW5zXzIwMTRfVHlwaWNhbGl0eSBtYWRlIGZhbWlsaWFyIEEgY29tbWVudGFyeSBvbiBHZXVydHMgYW5kIHZhbiBUaWVsICgyMDEzKS5wZGYAABMAAS8AABUAAgAM//8AAIAG0hscHR5aJGNsYXNzbmFtZVgkY2xhc3Nlc11OU011dGFibGVEYXRhox0fIFZOU0RhdGFYTlNPYmplY3TSGxwiI1xOU0RpY3Rpb25hcnmiIiBfEA9OU0tleWVkQXJjaGl2ZXLRJidUcm9vdIABAAgAEQAaACMALQAyADcAQABGAE0AVQBgAGcAagBsAG4AcQBzAHUAdwCEAI4BDgETARsDtQO3A7wDxwPQA94D4gPpA/ID9wQEBAcEGQQcBCEAAAAAAAACAQAAAAAAAAAoAAAAAAAAAAAAAAAAAAAEIw==}}

@incollection{Fox2007:Free-Choice-and,
	Address = {Hampshire},
	Author = {Danny Fox},
	Booktitle = {Presupposition and Implicature in Compositional Semantics},
	Date-Added = {2007-08-27 16:01:20 +0200},
	Date-Modified = {2010-08-26 14:26:06 +0200},
	Editor = {Uli Sauerland and Penka Stateva},
	Local-Url = {file://localhost/Users/micha/Desktop/data/sync/Literature/Fox_2006_Free%20Choice%20and%20the%20theory%20of%20Scalar%20Implicatures.pdf},
	Pages = {71--120},
	Publisher = {Palgrave MacMillan},
	Title = {Free Choice and the Theory of Scalar Implicatures},
	Year = {2007},
	Bdsk-File-1 = {YnBsaXN0MDDUAQIDBAUGJCVYJHZlcnNpb25YJG9iamVjdHNZJGFyY2hpdmVyVCR0b3ASAAGGoKgHCBMUFRYaIVUkbnVsbNMJCgsMDxJXTlMua2V5c1pOUy5vYmplY3RzViRjbGFzc6INDoACgAOiEBGABIAFgAdccmVsYXRpdmVQYXRoWWFsaWFzRGF0YV8QZy4uLy4uLy4uLy4uL0Rlc2t0b3AvZGF0YS9zeW5jL0xpdGVyYXR1cmUvRm94XzIwMDZfRnJlZSBDaG9pY2UgYW5kIHRoZSB0aGVvcnkgb2YgU2NhbGFyIEltcGxpY2F0dXJlcy5wZGbSFwsYGVdOUy5kYXRhTxECVAAAAAACVAACAAAMTWFjaW50b3NoIEhEAAAAAAAAAAAAAAAAAAAAz9RG5kgrAAAADHu1H0ZveF8yMDA2X0ZyZWUgQ2hvaWNlICNDN0M5NC5wZGYAAAAAAAAAAAAAAAAAAAAAAAAAAAAAAAAAAAAAAAAAAAAMfJQAAAAAUERGIENBUk8ABAAFAAAJIAAAAAAAAAAAAAAAAAAAAApMaXRlcmF0dXJlABAACAAAz9QqxgAAABEACAAAAAAAAAAAAAEAGAAMe7UADHs7AAuoZgAKvIkACT4IAAJm+QACAFtNYWNpbnRvc2ggSEQ6VXNlcnM6AG1pY2hhOgBEZXNrdG9wOgBkYXRhOgBzeW5jOgBMaXRlcmF0dXJlOgBGb3hfMjAwNl9GcmVlIENob2ljZSAjQzdDOTQucGRmAAAOAH4APgBGAG8AeABfADIAMAAwADYAXwBGAHIAZQBlACAAQwBoAG8AaQBjAGUAIABhAG4AZAAgAHQAaABlACAAdABoAGUAbwByAHkAIABvAGYAIABTAGMAYQBsAGEAcgAgAEkAbQBwAGwAaQBjAGEAdAB1AHIAZQBzAC4AcABkAGYADwAaAAwATQBhAGMAaQBuAHQAbwBzAGgAIABIAEQAEgBnVXNlcnMvbWljaGEvRGVza3RvcC9kYXRhL3N5bmMvTGl0ZXJhdHVyZS9Gb3hfMjAwNl9GcmVlIENob2ljZSBhbmQgdGhlIHRoZW9yeSBvZiBTY2FsYXIgSW1wbGljYXR1cmVzLnBkZgAAEwABLwAAFQACAAz//wAAgAbSGxwdHlokY2xhc3NuYW1lWCRjbGFzc2VzXU5TTXV0YWJsZURhdGGjHR8gVk5TRGF0YVhOU09iamVjdNIbHCIjXE5TRGljdGlvbmFyeaIiIF8QD05TS2V5ZWRBcmNoaXZlctEmJ1Ryb290gAEACAARABoAIwAtADIANwBAAEYATQBVAGAAZwBqAGwAbgBxAHMAdQB3AIQAjgD4AP0BBQNdA18DZANvA3gDhgOKA5EDmgOfA6wDrwPBA8QDyQAAAAAAAAIBAAAAAAAAACgAAAAAAAAAAAAAAAAAAAPL}}

@article{KjelgaardSpeer1999,
	Author = {M. Kjelgaard and S. Speer},
 	Journal = {Journal of Memory and Language},
	Pages = {153--194},
	Title = {Prosodic facilitation and interference in the resolution of temporary syntactic ambiguity},
	Volume = {40},
	Year = {1999}}

@unpublished{SchwarzClifton2008:Strengthening-o,
	Author = {Florian Schwarz and Charles Clifton and Lyn Frazier},
	Date-Added = {2011-03-11 16:08:05 +0100},
	Date-Modified = {2011-03-11 16:10:34 +0100},
	Note = {Unpublished manuscript; retrived from semanticsarchive March 11 2011},
	Title = {Strengthening `or': {E}ffects of Focus and Downward Entailing Contexts on Scalar Implicatures},
	Url = {http://semanticsarchive.net/Archive/jcwZTc3Z/StrengtheningOr.pdf},
	Year = {2008},
	Bdsk-File-1 = {YnBsaXN0MDDUAQIDBAUGJCVYJHZlcnNpb25YJG9iamVjdHNZJGFyY2hpdmVyVCR0b3ASAAGGoKgHCBMUFRYaIVUkbnVsbNMJCgsMDxJXTlMua2V5c1pOUy5vYmplY3RzViRjbGFzc6INDoACgAOiEBGABIAFgAdccmVsYXRpdmVQYXRoWWFsaWFzRGF0YV8QhC4uLy4uLy4uLy4uL0Rlc2t0b3AvZGF0YS9zeW5jL0xpdGVyYXR1cmUvU2Nod2FyekNsaWZ0b25fMjAwOF9TdHJlbmd0aGVuaW5nIGBvcicgRWZmZWN0cyBvZiBGb2N1cyBhbmQgRG93bndhcmQgRW50YWlsaW5nIENvbnRleHRzLnBkZtIXCxgZV05TLmRhdGFPEQKqAAAAAAKqAAIAAAxNYWNpbnRvc2ggSEQAAAAAAAAAAAAAAAAAAADP1EbmSCsAAAAMe7UfU2Nod2FyekNsaWZ0b25fMjAwOF9TI0M3Rjk2LnBkZgAAAAAAAAAAAAAAAAAAAAAAAAAAAAAAAAAAAAAAAAAAAAx/lsmgH2cAAAAAAAAAAAAEAAUAAAkgAAAAAAAAAAAAAAAAAAAACkxpdGVyYXR1cmUAEAAIAADP1CrGAAAAEQAIAADJoBFXAAAAAQAYAAx7tQAMezsAC6hmAAq8iQAJPggAAmb5AAIAW01hY2ludG9zaCBIRDpVc2VyczoAbWljaGE6AERlc2t0b3A6AGRhdGE6AHN5bmM6AExpdGVyYXR1cmU6AFNjaHdhcnpDbGlmdG9uXzIwMDhfUyNDN0Y5Ni5wZGYAAA4AuABbAFMAYwBoAHcAYQByAHoAQwBsAGkAZgB0AG8AbgBfADIAMAAwADgAXwBTAHQAcgBlAG4AZwB0AGgAZQBuAGkAbgBnACAAYABvAHIAJwAgAEUAZgBmAGUAYwB0AHMAIABvAGYAIABGAG8AYwB1AHMAIABhAG4AZAAgAEQAbwB3AG4AdwBhAHIAZAAgAEUAbgB0AGEAaQBsAGkAbgBnACAAQwBvAG4AdABlAHgAdABzAC4AcABkAGYADwAaAAwATQBhAGMAaQBuAHQAbwBzAGgAIABIAEQAEgCEVXNlcnMvbWljaGEvRGVza3RvcC9kYXRhL3N5bmMvTGl0ZXJhdHVyZS9TY2h3YXJ6Q2xpZnRvbl8yMDA4X1N0cmVuZ3RoZW5pbmcgYG9yJyBFZmZlY3RzIG9mIEZvY3VzIGFuZCBEb3dud2FyZCBFbnRhaWxpbmcgQ29udGV4dHMucGRmABMAAS8AABUAAgAM//8AAIAG0hscHR5aJGNsYXNzbmFtZVgkY2xhc3Nlc11OU011dGFibGVEYXRhox0fIFZOU0RhdGFYTlNPYmplY3TSGxwiI1xOU0RpY3Rpb25hcnmiIiBfEA9OU0tleWVkQXJjaGl2ZXLRJidUcm9vdIABAAgAEQAaACMALQAyADcAQABGAE0AVQBgAGcAagBsAG4AcQBzAHUAdwCEAI4BFQEaASID0APSA9cD4gPrA/kD/QQEBA0EEgQfBCIENAQ3BDwAAAAAAAACAQAAAAAAAAAoAAAAAAAAAAAAAAAAAAAEPg==}}

@incollection{Geurts2006:Take-five,
	Address = {Amsterdam, Philadelphia},
	Author = {Bart Geurts},
	Booktitle = {Non-definiteness and plurality},
	Date-Added = {2014-08-29 15:25:56 +0000},
	Date-Modified = {2014-08-29 15:27:10 +0000},
	Editor = {Svetlana Vogeleer and Liliane Tasmowski},
	Pages = {311--329},
	Publisher = {Benjamins},
	Title = {Take `five'},
	Year = {2006},
	Bdsk-File-1 = {YnBsaXN0MDDUAQIDBAUGJCVYJHZlcnNpb25YJG9iamVjdHNZJGFyY2hpdmVyVCR0b3ASAAGGoKgHCBMUFRYaIVUkbnVsbNMJCgsMDxJXTlMua2V5c1pOUy5vYmplY3RzViRjbGFzc6INDoACgAOiEBGABIAFgAdccmVsYXRpdmVQYXRoWWFsaWFzRGF0YV8QRC4uLy4uLy4uLy4uL0Rlc2t0b3AvZGF0YS9zeW5jL0xpdGVyYXR1cmUvR2V1cnRzXzIwMDZfVGFrZSBgZml2ZScucGRm0hcLGBlXTlMuZGF0YU8RAeYAAAAAAeYAAgAADE1hY2ludG9zaCBIRAAAAAAAAAAAAAAAAAAAAM/URuZIKwAAAAx7tRtHZXVydHNfMjAwNl9UYWtlIGBmaXZlJy5wZGYAAAAAAAAAAAAAAAAAAAAAAAAAAAAAAAAAAAAAAAAAAAAAAAAAIoex0CtbWAAAAAAAAAAAAAQABQAACSAAAAAAAAAAAAAAAAAAAAAKTGl0ZXJhdHVyZQAQAAgAAM/UKsYAAAARAAgAANArPzgAAAABABgADHu1AAx7OwALqGYACryJAAk+CAACZvkAAgBXTWFjaW50b3NoIEhEOlVzZXJzOgBtaWNoYToARGVza3RvcDoAZGF0YToAc3luYzoATGl0ZXJhdHVyZToAR2V1cnRzXzIwMDZfVGFrZSBgZml2ZScucGRmAAAOADgAGwBHAGUAdQByAHQAcwBfADIAMAAwADYAXwBUAGEAawBlACAAYABmAGkAdgBlACcALgBwAGQAZgAPABoADABNAGEAYwBpAG4AdABvAHMAaAAgAEgARAASAERVc2Vycy9taWNoYS9EZXNrdG9wL2RhdGEvc3luYy9MaXRlcmF0dXJlL0dldXJ0c18yMDA2X1Rha2UgYGZpdmUnLnBkZgATAAEvAAAVAAIADP//AACABtIbHB0eWiRjbGFzc25hbWVYJGNsYXNzZXNdTlNNdXRhYmxlRGF0YaMdHyBWTlNEYXRhWE5TT2JqZWN00hscIiNcTlNEaWN0aW9uYXJ5oiIgXxAPTlNLZXllZEFyY2hpdmVy0SYnVHJvb3SAAQAIABEAGgAjAC0AMgA3AEAARgBNAFUAYABnAGoAbABuAHEAcwB1AHcAhACOANUA2gDiAswCzgLTAt4C5wL1AvkDAAMJAw4DGwMeAzADMwM4AAAAAAAAAgEAAAAAAAAAKAAAAAAAAAAAAAAAAAAAAzo=}}

@incollection{Pierrehumbert90,
	Address = {Cambridge},
	Author = {Janet B. Pierrehumbert and Julia Hirschberg},
	Booktitle = {Intentions in Communication},
	Editor = {P. Cohan and J. Morgan and M. Pollack},
	Pages = {271--311},
	Publisher = {MIT Press},
	Title = {The meaning of intonational contours in the interpretation of discourse},
	Year = {1990}}

@article{Magri2011:Another-Argumen,
	Author = {Giorgio Magri},
	Date-Added = {2012-05-23 09:06:52 +0000},
	Date-Modified = {2012-05-23 09:08:47 +0000},
	Doi = {10.3765/sp.4.6},
	Journal = {Semantics \& Pragmatics},
	Number = {6},
	Pages = {1--31},
	Title = {Another Argument for Embedded Scalar Implicatures based on Oddness in Downward Entailing Environments},
	Volume = {4},
	Year = {2011},
	Bdsk-File-1 = {YnBsaXN0MDDUAQIDBAUGJCVYJHZlcnNpb25YJG9iamVjdHNZJGFyY2hpdmVyVCR0b3ASAAGGoKgHCBMUFRYaIVUkbnVsbNMJCgsMDxJXTlMua2V5c1pOUy5vYmplY3RzViRjbGFzc6INDoACgAOiEBGABIAFgAdccmVsYXRpdmVQYXRoWWFsaWFzRGF0YV8Qei4uLy4uLy4uLy4uL0Rlc2t0b3AvZGF0YS9zeW5jL0xpdGVyYXR1cmUvTWFncmlfMjAxMV9Bbm90aGVyIEFyZ3VtZW50IGZvciBFbWJlZGRlZCBTY2FsYXIgSW1wbGljYXR1cmVzIGJhc2VkIG9uIE9kZG5lc3MucGRm0hcLGBlXTlMuZGF0YU8RAowAAAAAAowAAgAADE1hY2ludG9zaCBIRAAAAAAAAAAAAAAAAAAAAM/URuZIKwAAAAx7tR9NYWdyaV8yMDExX0Fub3RoZXIgQXIjQzdEQzUucGRmAAAAAAAAAAAAAAAAAAAAAAAAAAAAAAAAAAAAAAAAAAAADH3Fy+J1SAAAAAAAAAAAAAQABQAACSAAAAAAAAAAAAAAAAAAAAAKTGl0ZXJhdHVyZQAQAAgAAM/UKsYAAAARAAgAAMviWSgAAAABABgADHu1AAx7OwALqGYACryJAAk+CAACZvkAAgBbTWFjaW50b3NoIEhEOlVzZXJzOgBtaWNoYToARGVza3RvcDoAZGF0YToAc3luYzoATGl0ZXJhdHVyZToATWFncmlfMjAxMV9Bbm90aGVyIEFyI0M3REM1LnBkZgAADgCkAFEATQBhAGcAcgBpAF8AMgAwADEAMQBfAEEAbgBvAHQAaABlAHIAIABBAHIAZwB1AG0AZQBuAHQAIABmAG8AcgAgAEUAbQBiAGUAZABkAGUAZAAgAFMAYwBhAGwAYQByACAASQBtAHAAbABpAGMAYQB0AHUAcgBlAHMAIABiAGEAcwBlAGQAIABvAG4AIABPAGQAZABuAGUAcwBzAC4AcABkAGYADwAaAAwATQBhAGMAaQBuAHQAbwBzAGgAIABIAEQAEgB6VXNlcnMvbWljaGEvRGVza3RvcC9kYXRhL3N5bmMvTGl0ZXJhdHVyZS9NYWdyaV8yMDExX0Fub3RoZXIgQXJndW1lbnQgZm9yIEVtYmVkZGVkIFNjYWxhciBJbXBsaWNhdHVyZXMgYmFzZWQgb24gT2RkbmVzcy5wZGYAEwABLwAAFQACAAz//wAAgAbSGxwdHlokY2xhc3NuYW1lWCRjbGFzc2VzXU5TTXV0YWJsZURhdGGjHR8gVk5TRGF0YVhOU09iamVjdNIbHCIjXE5TRGljdGlvbmFyeaIiIF8QD05TS2V5ZWRBcmNoaXZlctEmJ1Ryb290gAEACAARABoAIwAtADIANwBAAEYATQBVAGAAZwBqAGwAbgBxAHMAdQB3AIQAjgELARABGAOoA6oDrwO6A8MD0QPVA9wD5QPqA/cD+gQMBA8EFAAAAAAAAAIBAAAAAAAAACgAAAAAAAAAAAAAAAAAAAQW}}

@incollection{Chierchia2012:FC-Nominals-and,
	Address = {Hampshire},
	Author = {Gennaro Chierchia},
	Booktitle = {Alternatives in Semantics},
	Editor = {Anamaria F\u{a}l\u{a}u\c{s}},
	Pages = {50--87},
	Publisher = {Palgrave Macmillan},
	Title = {Free Choice Nominals and Free Choice Disjunction: {T}he Identity Thesis},
	Year = {2013}}


@article{Jun2003,
	Author = {S. A. Jun},
 	Journal = {Journal of Psycholinguistic Research},
	Pages = {219--248},
	Title = {rosodic phrasing and attachment preferences},
	Volume = {32},
	Year = {2003}}

@article{Kentner12,
	Author = {G. Kentner},
	Journal = {Cognition},
	Number = {1},
	Pages = {1--20},
	Title = {Linguistic rhythm guides parsing decisions in written sentence comprehension},
	Volume = {123},
	Year = {2012}}

@inproceedings{BenzGotzner2014:Embedded-implic,
	Address = {T\"ubingen},
	Author = {Anton Benz and Nicole Gotzner},
	Booktitle = {Proceedings of the Formal \& Experimental Pragmatics Workshop},
	Date-Added = {2014-08-29 14:10:48 +0000},
	Date-Modified = {2014-08-29 14:20:33 +0000},
	Editor = {Judith Degen and Michael Franke and Noah D. Goodman},
	Pages = {1--6},
	Title = {Embedded implicatures revisited: {I}ssues with the Truth-Value Judgment Paradigm},
	Year = {2014}}

@article{Winter2001:Plural-Predicat,
	Author = {Yoad Winter},
	Journal = {Journal of Semantics},
	Pages = {333--365},
	Title = {Plural Predication and the Strongest Meaning Hypothesis},
	Volume = {18},
	Year = {2001}}


@article{SchaferSpeerWarrenWhite2000,
	Author = {A. Schafer and S. Speer and P. Warren and S. White},
 	Journal = {Journal of Psycholinguistic Research},
	Pages = {169--182},
	Title = {Intonational disambiguation in sentence production and comprehension},
	Volume = {29},
	Year = {2000}}

@article{Spector2014:Global-Positive,
	Author = {Benjamin Spector},
	Journal = {Semantics \& Pragmatics},
	Number = {11},
	Pages = {1--61},
	Title = {Global Positive Polarity Items and Obligatory Exhaustivity},
	Volume = {7},
	Year = {2014}}


@phdthesis{Horn1972:On-the-Semantic,
	Author = {Laurence R. Horn},
	Date-Added = {2008-09-08 13:53:20 +0200},
	Date-Modified = {2008-09-08 13:55:05 +0200},
	School = {UCLA},
	Title = {On the Semantic Properties of Logical Operators in English},
	Year = {1972}}

@incollection{Partee1987:Noun-phrase-int,
	Address = {Dordrecht},
	Author = {Barbara Partee},
	Booktitle = {Studies in discourse representation theory and the theory of generalized quantifiers},
	Date-Added = {2014-09-01 10:15:11 +0000},
	Date-Modified = {2014-11-24 13:04:04 +0000},
	Editor = {Jeroen Groenendijk and Dick de Jongh and Martin Stokhof},
	Pages = {115--144},
	Publisher = {Reidel},
	Title = {Noun-phrase interpretation and type-shifting principles},
	Year = {1987},
	Bdsk-File-1 = {YnBsaXN0MDDUAQIDBAUGJCVYJHZlcnNpb25YJG9iamVjdHNZJGFyY2hpdmVyVCR0b3ASAAGGoKgHCBMUFRYaIVUkbnVsbNMJCgsMDxJXTlMua2V5c1pOUy5vYmplY3RzViRjbGFzc6INDoACgAOiEBGABIAFgAdccmVsYXRpdmVQYXRoWWFsaWFzRGF0YV8QcC4uLy4uLy4uLy4uL0Rlc2t0b3AvZGF0YS9zeW5jL0xpdGVyYXR1cmUvUGFydGVlXzE5ODZfTm91bi1waHJhc2UgaW50ZXJwcmV0YXRpb24gYW5kIHR5cGUtc2hpZnRpbmcgcHJpbmNpcGxlcy5wZGbSFwsYGVdOUy5kYXRhTxECbgAAAAACbgACAAAMTWFjaW50b3NoIEhEAAAAAAAAAAAAAAAAAAAAz9RG5kgrAAAADHu1H1BhcnRlZV8xOTg2X05vdW4tcGhyIzUzNTJCQi5wZGYAAAAAAAAAAAAAAAAAAAAAAAAAAAAAAAAAAAAAAAAAAABTUrvQmOrcAAAAAAAAAAAABAAFAAAJIAAAAAAAAAAAAAAAAAAAAApMaXRlcmF0dXJlABAACAAAz9QqxgAAABEACAAA0JjczAAAAAEAGAAMe7UADHs7AAuoZgAKvIkACT4IAAJm+QACAFtNYWNpbnRvc2ggSEQ6VXNlcnM6AG1pY2hhOgBEZXNrdG9wOgBkYXRhOgBzeW5jOgBMaXRlcmF0dXJlOgBQYXJ0ZWVfMTk4Nl9Ob3VuLXBociM1MzUyQkIucGRmAAAOAJAARwBQAGEAcgB0AGUAZQBfADEAOQA4ADYAXwBOAG8AdQBuAC0AcABoAHIAYQBzAGUAIABpAG4AdABlAHIAcAByAGUAdABhAHQAaQBvAG4AIABhAG4AZAAgAHQAeQBwAGUALQBzAGgAaQBmAHQAaQBuAGcAIABwAHIAaQBuAGMAaQBwAGwAZQBzAC4AcABkAGYADwAaAAwATQBhAGMAaQBuAHQAbwBzAGgAIABIAEQAEgBwVXNlcnMvbWljaGEvRGVza3RvcC9kYXRhL3N5bmMvTGl0ZXJhdHVyZS9QYXJ0ZWVfMTk4Nl9Ob3VuLXBocmFzZSBpbnRlcnByZXRhdGlvbiBhbmQgdHlwZS1zaGlmdGluZyBwcmluY2lwbGVzLnBkZgATAAEvAAAVAAIADP//AACABtIbHB0eWiRjbGFzc25hbWVYJGNsYXNzZXNdTlNNdXRhYmxlRGF0YaMdHyBWTlNEYXRhWE5TT2JqZWN00hscIiNcTlNEaWN0aW9uYXJ5oiIgXxAPTlNLZXllZEFyY2hpdmVy0SYnVHJvb3SAAQAIABEAGgAjAC0AMgA3AEAARgBNAFUAYABnAGoAbABuAHEAcwB1AHcAhACOAQEBBgEOA4ADggOHA5IDmwOpA60DtAO9A8IDzwPSA+QD5wPsAAAAAAAAAgEAAAAAAAAAKAAAAAAAAAAAAAAAAAAAA+4=}}

@article{Schafer00,
	Author = {A.J. Schafer and S.R. Speer and P. Warren and S.D. White},
	Journal = {Journal of Psycholinguistic Research},
	Number = {3},
	Pages = {169--182},
	Title = {Intonational disambiguation in sentence production and comprehension},
	Volume = {29},
	Year = {2000}}

@inproceedings{Franke2014:Typical-use-of-,
	Address = {Austin, TX},
	Author = {Michael Franke},
	Booktitle = {Proceedings of CogSci},
	Date-Added = {2014-02-03 09:36:18 +0000},
	Date-Modified = {2014-11-04 08:50:35 +0000},
	Editor = {Paul Bello and Marcello Guarini and Marjorie McShane and Brian Scassellati},
	Pages = {487--492},
	Publisher = {Cognitive Science Society},
	Title = {Typical use of quantifiers: {A} probabilistic speaker model},
	Year = {2014},
	Bdsk-File-1 = {YnBsaXN0MDDUAQIDBAUGJCVYJHZlcnNpb25YJG9iamVjdHNZJGFyY2hpdmVyVCR0b3ASAAGGoKgHCBMUFRYaIVUkbnVsbNMJCgsMDxJXTlMua2V5c1pOUy5vYmplY3RzViRjbGFzc6INDoACgAOiEBGABIAFgAdccmVsYXRpdmVQYXRoWWFsaWFzRGF0YV8Qci4uLy4uLy4uLy4uL0Rlc2t0b3AvZGF0YS9zeW5jL0xpdGVyYXR1cmUvRnJhbmtlXzIwMTRfVHlwaWNhbCB1c2Ugb2YgcXVhbnRpZmllcnMgQSBwcm9iYWJpbGlzdGljIHNwZWFrZXIgbW9kZWxhLnBkZtIXCxgZV05TLmRhdGFPEQJ0AAAAAAJ0AAIAAAxNYWNpbnRvc2ggSEQAAAAAAAAAAAAAAAAAAADP1EbmSCsAAAAMe7UfRnJhbmtlXzIwMTRfVHlwaWNhbCB1I0M3Q0JBLnBkZgAAAAAAAAAAAAAAAAAAAAAAAAAAAAAAAAAAAAAAAAAAAAx8us8cBOYAAAAAAAAAAAAEAAUAAAkgAAAAAAAAAAAAAAAAAAAACkxpdGVyYXR1cmUAEAAIAADP1CrGAAAAEQAIAADPG/bWAAAAAQAYAAx7tQAMezsAC6hmAAq8iQAJPggAAmb5AAIAW01hY2ludG9zaCBIRDpVc2VyczoAbWljaGE6AERlc2t0b3A6AGRhdGE6AHN5bmM6AExpdGVyYXR1cmU6AEZyYW5rZV8yMDE0X1R5cGljYWwgdSNDN0NCQS5wZGYAAA4AlABJAEYAcgBhAG4AawBlAF8AMgAwADEANABfAFQAeQBwAGkAYwBhAGwAIAB1AHMAZQAgAG8AZgAgAHEAdQBhAG4AdABpAGYAaQBlAHIAcwAgAEEAIABwAHIAbwBiAGEAYgBpAGwAaQBzAHQAaQBjACAAcwBwAGUAYQBrAGUAcgAgAG0AbwBkAGUAbABhAC4AcABkAGYADwAaAAwATQBhAGMAaQBuAHQAbwBzAGgAIABIAEQAEgByVXNlcnMvbWljaGEvRGVza3RvcC9kYXRhL3N5bmMvTGl0ZXJhdHVyZS9GcmFua2VfMjAxNF9UeXBpY2FsIHVzZSBvZiBxdWFudGlmaWVycyBBIHByb2JhYmlsaXN0aWMgc3BlYWtlciBtb2RlbGEucGRmABMAAS8AABUAAgAM//8AAIAG0hscHR5aJGNsYXNzbmFtZVgkY2xhc3Nlc11OU011dGFibGVEYXRhox0fIFZOU0RhdGFYTlNPYmplY3TSGxwiI1xOU0RpY3Rpb25hcnmiIiBfEA9OU0tleWVkQXJjaGl2ZXLRJidUcm9vdIABAAgAEQAaACMALQAyADcAQABGAE0AVQBgAGcAagBsAG4AcQBzAHUAdwCEAI4BAwEIARADiAOKA48DmgOjA7EDtQO8A8UDygPXA9oD7APvA/QAAAAAAAACAQAAAAAAAAAoAAAAAAAAAAAAAAAAAAAD9g==},
	Bdsk-File-2 = {YnBsaXN0MDDUAQIDBAUGJCVYJHZlcnNpb25YJG9iamVjdHNZJGFyY2hpdmVyVCR0b3ASAAGGoKgHCBMUFRYaIVUkbnVsbNMJCgsMDxJXTlMua2V5c1pOUy5vYmplY3RzViRjbGFzc6INDoACgAOiEBGABIAFgAdccmVsYXRpdmVQYXRoWWFsaWFzRGF0YV8QcS4uLy4uLy4uLy4uL0Rlc2t0b3AvZGF0YS9zeW5jL0xpdGVyYXR1cmUvRnJhbmtlXzIwMTRfVHlwaWNhbCB1c2Ugb2YgcXVhbnRpZmllcnMgQSBwcm9iYWJpbGlzdGljIHNwZWFrZXIgbW9kZWwucGRm0hcLGBlXTlMuZGF0YU8RAnIAAAAAAnIAAgAADE1hY2ludG9zaCBIRAAAAAAAAAAAAAAAAAAAAM/URuZIKwAAAAx7tR9GcmFua2VfMjAxNF9UeXBpY2FsIHUjQzdDQjkucGRmAAAAAAAAAAAAAAAAAAAAAAAAAAAAAAAAAAAAAAAAAAAADHy5z46sPwAAAAAAAAAAAAQABQAACSAAAAAAAAAAAAAAAAAAAAAKTGl0ZXJhdHVyZQAQAAgAAM/UKsYAAAARAAgAAM+OkB8AAAABABgADHu1AAx7OwALqGYACryJAAk+CAACZvkAAgBbTWFjaW50b3NoIEhEOlVzZXJzOgBtaWNoYToARGVza3RvcDoAZGF0YToAc3luYzoATGl0ZXJhdHVyZToARnJhbmtlXzIwMTRfVHlwaWNhbCB1I0M3Q0I5LnBkZgAADgCSAEgARgByAGEAbgBrAGUAXwAyADAAMQA0AF8AVAB5AHAAaQBjAGEAbAAgAHUAcwBlACAAbwBmACAAcQB1AGEAbgB0AGkAZgBpAGUAcgBzACAAQQAgAHAAcgBvAGIAYQBiAGkAbABpAHMAdABpAGMAIABzAHAAZQBhAGsAZQByACAAbQBvAGQAZQBsAC4AcABkAGYADwAaAAwATQBhAGMAaQBuAHQAbwBzAGgAIABIAEQAEgBxVXNlcnMvbWljaGEvRGVza3RvcC9kYXRhL3N5bmMvTGl0ZXJhdHVyZS9GcmFua2VfMjAxNF9UeXBpY2FsIHVzZSBvZiBxdWFudGlmaWVycyBBIHByb2JhYmlsaXN0aWMgc3BlYWtlciBtb2RlbC5wZGYAABMAAS8AABUAAgAM//8AAIAG0hscHR5aJGNsYXNzbmFtZVgkY2xhc3Nlc11OU011dGFibGVEYXRhox0fIFZOU0RhdGFYTlNPYmplY3TSGxwiI1xOU0RpY3Rpb25hcnmiIiBfEA9OU0tleWVkQXJjaGl2ZXLRJidUcm9vdIABAAgAEQAaACMALQAyADcAQABGAE0AVQBgAGcAagBsAG4AcQBzAHUAdwCEAI4BAgEHAQ8DhQOHA4wDlwOgA64DsgO5A8IDxwPUA9cD6QPsA/EAAAAAAAACAQAAAAAAAAAoAAAAAAAAAAAAAAAAAAAD8w==},
	Bdsk-File-3 = {YnBsaXN0MDDUAQIDBAUGJCVYJHZlcnNpb25YJG9iamVjdHNZJGFyY2hpdmVyVCR0b3ASAAGGoKgHCBMUFRYaIVUkbnVsbNMJCgsMDxJXTlMua2V5c1pOUy5vYmplY3RzViRjbGFzc6INDoACgAOiEBGABIAFgAdccmVsYXRpdmVQYXRoWWFsaWFzRGF0YV8Qci4uLy4uLy4uLy4uL0Rlc2t0b3AvZGF0YS9zeW5jL0xpdGVyYXR1cmUvRnJhbmtlXzIwMTRfVHlwaWNhbCB1c2Ugb2YgcXVhbnRpZmllcnMgQSBwcm9iYWJpbGlzdGljIHNwZWFrZXIgbW9kZWxiLnBkZtIXCxgZV05TLmRhdGFPEQJ0AAAAAAJ0AAIAAAxNYWNpbnRvc2ggSEQAAAAAAAAAAAAAAAAAAADP1EbmSCsAAAAMe7UfRnJhbmtlXzIwMTRfVHlwaWNhbCB1I0M3Q0JCLnBkZgAAAAAAAAAAAAAAAAAAAAAAAAAAAAAAAAAAAAAAAAAAAAx8u9AOXewAAAAAAAAAAAAEAAUAAAkgAAAAAAAAAAAAAAAAAAAACkxpdGVyYXR1cmUAEAAIAADP1CrGAAAAEQAIAADQDkHMAAAAAQAYAAx7tQAMezsAC6hmAAq8iQAJPggAAmb5AAIAW01hY2ludG9zaCBIRDpVc2VyczoAbWljaGE6AERlc2t0b3A6AGRhdGE6AHN5bmM6AExpdGVyYXR1cmU6AEZyYW5rZV8yMDE0X1R5cGljYWwgdSNDN0NCQi5wZGYAAA4AlABJAEYAcgBhAG4AawBlAF8AMgAwADEANABfAFQAeQBwAGkAYwBhAGwAIAB1AHMAZQAgAG8AZgAgAHEAdQBhAG4AdABpAGYAaQBlAHIAcwAgAEEAIABwAHIAbwBiAGEAYgBpAGwAaQBzAHQAaQBjACAAcwBwAGUAYQBrAGUAcgAgAG0AbwBkAGUAbABiAC4AcABkAGYADwAaAAwATQBhAGMAaQBuAHQAbwBzAGgAIABIAEQAEgByVXNlcnMvbWljaGEvRGVza3RvcC9kYXRhL3N5bmMvTGl0ZXJhdHVyZS9GcmFua2VfMjAxNF9UeXBpY2FsIHVzZSBvZiBxdWFudGlmaWVycyBBIHByb2JhYmlsaXN0aWMgc3BlYWtlciBtb2RlbGIucGRmABMAAS8AABUAAgAM//8AAIAG0hscHR5aJGNsYXNzbmFtZVgkY2xhc3Nlc11OU011dGFibGVEYXRhox0fIFZOU0RhdGFYTlNPYmplY3TSGxwiI1xOU0RpY3Rpb25hcnmiIiBfEA9OU0tleWVkQXJjaGl2ZXLRJidUcm9vdIABAAgAEQAaACMALQAyADcAQABGAE0AVQBgAGcAagBsAG4AcQBzAHUAdwCEAI4BAwEIARADiAOKA48DmgOjA7EDtQO8A8UDygPXA9oD7APvA/QAAAAAAAACAQAAAAAAAAAoAAAAAAAAAAAAAAAAAAAD9g==}}

@article{Tielvan-Tiel2012:Embedded-Scalar,
	Author = {{\SortNoop{Tiel}}{van Tiel}, Bob},
	Date-Added = {2012-03-26 13:46:45 +0200},
	Date-Modified = {2014-01-03 07:01:18 +0000},
	Doi = {10.1093/jos/fft002},
	Journal = {Journal of Semantics},
	Keywords = {embedded implicatures, scalar implicatures, prototypicality},
	Title = {Embedded Scalars and Typicality},
	Year = {to appear},
	Bdsk-File-1 = {YnBsaXN0MDDUAQIDBAUGJCVYJHZlcnNpb25YJG9iamVjdHNZJGFyY2hpdmVyVCR0b3ASAAGGoKgHCBMUFRYaIVUkbnVsbNMJCgsMDxJXTlMua2V5c1pOUy5vYmplY3RzViRjbGFzc6INDoACgAOiEBGABIAFgAdccmVsYXRpdmVQYXRoWWFsaWFzRGF0YV8QXi4uLy4uLy4uLy4uL0Rlc2t0b3AvZGF0YS9zeW5jL0xpdGVyYXR1cmUvVGllbHZhbiBUaWVsXzIwMTJfRW1iZWRkZWQgU2NhbGFycyBhbmQgVHlwaWNhbGl0eS5wZGbSFwsYGVdOUy5kYXRhTxECOAAAAAACOAACAAAMTWFjaW50b3NoIEhEAAAAAAAAAAAAAAAAAAAAz9RG5kgrAAAADHu1H1RpZWx2YW4gVGllbF8yMDEyX0VtYiNDN0ZGNC5wZGYAAAAAAAAAAAAAAAAAAAAAAAAAAAAAAAAAAAAAAAAAAAAMf/TLliOIAAAAAAAAAAAABAAFAAAJIAAAAAAAAAAAAAAAAAAAAApMaXRlcmF0dXJlABAACAAAz9QqxgAAABEACAAAy5YHaAAAAAEAGAAMe7UADHs7AAuoZgAKvIkACT4IAAJm+QACAFtNYWNpbnRvc2ggSEQ6VXNlcnM6AG1pY2hhOgBEZXNrdG9wOgBkYXRhOgBzeW5jOgBMaXRlcmF0dXJlOgBUaWVsdmFuIFRpZWxfMjAxMl9FbWIjQzdGRjQucGRmAAAOAGwANQBUAGkAZQBsAHYAYQBuACAAVABpAGUAbABfADIAMAAxADIAXwBFAG0AYgBlAGQAZABlAGQAIABTAGMAYQBsAGEAcgBzACAAYQBuAGQAIABUAHkAcABpAGMAYQBsAGkAdAB5AC4AcABkAGYADwAaAAwATQBhAGMAaQBuAHQAbwBzAGgAIABIAEQAEgBeVXNlcnMvbWljaGEvRGVza3RvcC9kYXRhL3N5bmMvTGl0ZXJhdHVyZS9UaWVsdmFuIFRpZWxfMjAxMl9FbWJlZGRlZCBTY2FsYXJzIGFuZCBUeXBpY2FsaXR5LnBkZgATAAEvAAAVAAIADP//AACABtIbHB0eWiRjbGFzc25hbWVYJGNsYXNzZXNdTlNNdXRhYmxlRGF0YaMdHyBWTlNEYXRhWE5TT2JqZWN00hscIiNcTlNEaWN0aW9uYXJ5oiIgXxAPTlNLZXllZEFyY2hpdmVy0SYnVHJvb3SAAQAIABEAGgAjAC0AMgA3AEAARgBNAFUAYABnAGoAbABuAHEAcwB1AHcAhACOAO8A9AD8AzgDOgM/A0oDUwNhA2UDbAN1A3oDhwOKA5wDnwOkAAAAAAAAAgEAAAAAAAAAKAAAAAAAAAAAAAAAAAAAA6Y=},
	Bdsk-File-2 = {YnBsaXN0MDDUAQIDBAUGJCVYJHZlcnNpb25YJG9iamVjdHNZJGFyY2hpdmVyVCR0b3ASAAGGoKgHCBMUFRYaIVUkbnVsbNMJCgsMDxJXTlMua2V5c1pOUy5vYmplY3RzViRjbGFzc6INDoACgAOiEBGABIAFgAdccmVsYXRpdmVQYXRoWWFsaWFzRGF0YV8QXy4uLy4uLy4uLy4uL0Rlc2t0b3AvZGF0YS9zeW5jL0xpdGVyYXR1cmUvVGllbHZhbiBUaWVsXzIwMTJfRW1iZWRkZWQgU2NhbGFycyBhbmQgVHlwaWNhbGl0eWEucGRm0hcLGBlXTlMuZGF0YU8RAjwAAAAAAjwAAgAADE1hY2ludG9zaCBIRAAAAAAAAAAAAAAAAAAAAM/URuZIKwAAAAx7tR9UaWVsdmFuIFRpZWxfMjAxMl9FbWIjQzdGRjUucGRmAAAAAAAAAAAAAAAAAAAAAAAAAAAAAAAAAAAAAAAAAAAADH/1y5YjugAAAAAAAAAAAAQABQAACSAAAAAAAAAAAAAAAAAAAAAKTGl0ZXJhdHVyZQAQAAgAAM/UKsYAAAARAAgAAMuWB5oAAAABABgADHu1AAx7OwALqGYACryJAAk+CAACZvkAAgBbTWFjaW50b3NoIEhEOlVzZXJzOgBtaWNoYToARGVza3RvcDoAZGF0YToAc3luYzoATGl0ZXJhdHVyZToAVGllbHZhbiBUaWVsXzIwMTJfRW1iI0M3RkY1LnBkZgAADgBuADYAVABpAGUAbAB2AGEAbgAgAFQAaQBlAGwAXwAyADAAMQAyAF8ARQBtAGIAZQBkAGQAZQBkACAAUwBjAGEAbABhAHIAcwAgAGEAbgBkACAAVAB5AHAAaQBjAGEAbABpAHQAeQBhAC4AcABkAGYADwAaAAwATQBhAGMAaQBuAHQAbwBzAGgAIABIAEQAEgBfVXNlcnMvbWljaGEvRGVza3RvcC9kYXRhL3N5bmMvTGl0ZXJhdHVyZS9UaWVsdmFuIFRpZWxfMjAxMl9FbWJlZGRlZCBTY2FsYXJzIGFuZCBUeXBpY2FsaXR5YS5wZGYAABMAAS8AABUAAgAM//8AAIAG0hscHR5aJGNsYXNzbmFtZVgkY2xhc3Nlc11OU011dGFibGVEYXRhox0fIFZOU0RhdGFYTlNPYmplY3TSGxwiI1xOU0RpY3Rpb25hcnmiIiBfEA9OU0tleWVkQXJjaGl2ZXLRJidUcm9vdIABAAgAEQAaACMALQAyADcAQABGAE0AVQBgAGcAagBsAG4AcQBzAHUAdwCEAI4A8AD1AP0DPQM/A0QDTwNYA2YDagNxA3oDfwOMA48DoQOkA6kAAAAAAAACAQAAAAAAAAAoAAAAAAAAAAAAAAAAAAADqw==},
	Bdsk-File-3 = {YnBsaXN0MDDUAQIDBAUGJCVYJHZlcnNpb25YJG9iamVjdHNZJGFyY2hpdmVyVCR0b3ASAAGGoKgHCBMUFRYaIVUkbnVsbNMJCgsMDxJXTlMua2V5c1pOUy5vYmplY3RzViRjbGFzc6INDoACgAOiEBGABIAFgAdccmVsYXRpdmVQYXRoWWFsaWFzRGF0YV8QXy4uLy4uLy4uLy4uL0Rlc2t0b3AvZGF0YS9zeW5jL0xpdGVyYXR1cmUvVGllbHZhbiBUaWVsXzIwMTJfRW1iZWRkZWQgU2NhbGFycyBhbmQgVHlwaWNhbGl0eWIucGRm0hcLGBlXTlMuZGF0YU8RAjwAAAAAAjwAAgAADE1hY2ludG9zaCBIRAAAAAAAAAAAAAAAAAAAAM/URuZIKwAAAAx7tR9UaWVsdmFuIFRpZWxfMjAxMl9FbWIjQzdGRjYucGRmAAAAAAAAAAAAAAAAAAAAAAAAAAAAAAAAAAAAAAAAAAAADH/2zAOVoQAAAAAAAAAAAAQABQAACSAAAAAAAAAAAAAAAAAAAAAKTGl0ZXJhdHVyZQAQAAgAAM/UKsYAAAARAAgAAMwDeYEAAAABABgADHu1AAx7OwALqGYACryJAAk+CAACZvkAAgBbTWFjaW50b3NoIEhEOlVzZXJzOgBtaWNoYToARGVza3RvcDoAZGF0YToAc3luYzoATGl0ZXJhdHVyZToAVGllbHZhbiBUaWVsXzIwMTJfRW1iI0M3RkY2LnBkZgAADgBuADYAVABpAGUAbAB2AGEAbgAgAFQAaQBlAGwAXwAyADAAMQAyAF8ARQBtAGIAZQBkAGQAZQBkACAAUwBjAGEAbABhAHIAcwAgAGEAbgBkACAAVAB5AHAAaQBjAGEAbABpAHQAeQBiAC4AcABkAGYADwAaAAwATQBhAGMAaQBuAHQAbwBzAGgAIABIAEQAEgBfVXNlcnMvbWljaGEvRGVza3RvcC9kYXRhL3N5bmMvTGl0ZXJhdHVyZS9UaWVsdmFuIFRpZWxfMjAxMl9FbWJlZGRlZCBTY2FsYXJzIGFuZCBUeXBpY2FsaXR5Yi5wZGYAABMAAS8AABUAAgAM//8AAIAG0hscHR5aJGNsYXNzbmFtZVgkY2xhc3Nlc11OU011dGFibGVEYXRhox0fIFZOU0RhdGFYTlNPYmplY3TSGxwiI1xOU0RpY3Rpb25hcnmiIiBfEA9OU0tleWVkQXJjaGl2ZXLRJidUcm9vdIABAAgAEQAaACMALQAyADcAQABGAE0AVQBgAGcAagBsAG4AcQBzAHUAdwCEAI4A8AD1AP0DPQM/A0QDTwNYA2YDagNxA3oDfwOMA48DoQOkA6kAAAAAAAACAQAAAAAAAAAoAAAAAAAAAAAAAAAAAAADqw==},
	Bdsk-File-4 = {YnBsaXN0MDDUAQIDBAUGJCVYJHZlcnNpb25YJG9iamVjdHNZJGFyY2hpdmVyVCR0b3ASAAGGoKgHCBMUFRYaIVUkbnVsbNMJCgsMDxJXTlMua2V5c1pOUy5vYmplY3RzViRjbGFzc6INDoACgAOiEBGABIAFgAdccmVsYXRpdmVQYXRoWWFsaWFzRGF0YV8QXy4uLy4uLy4uLy4uL0Rlc2t0b3AvZGF0YS9zeW5jL0xpdGVyYXR1cmUvVGllbHZhbiBUaWVsXzIwMTJfRW1iZWRkZWQgU2NhbGFycyBhbmQgVHlwaWNhbGl0eWMucGRm0hcLGBlXTlMuZGF0YU8RAjwAAAAAAjwAAgAADE1hY2ludG9zaCBIRAAAAAAAAAAAAAAAAAAAAM/URuZIKwAAAAx7tR9UaWVsdmFuIFRpZWxfMjAxMl9FbWIjQzdGRjcucGRmAAAAAAAAAAAAAAAAAAAAAAAAAAAAAAAAAAAAAAAAAAAADH/3zXsrCAAAAAAAAAAAAAQABQAACSAAAAAAAAAAAAAAAAAAAAAKTGl0ZXJhdHVyZQAQAAgAAM/UKsYAAAARAAgAAM17HPgAAAABABgADHu1AAx7OwALqGYACryJAAk+CAACZvkAAgBbTWFjaW50b3NoIEhEOlVzZXJzOgBtaWNoYToARGVza3RvcDoAZGF0YToAc3luYzoATGl0ZXJhdHVyZToAVGllbHZhbiBUaWVsXzIwMTJfRW1iI0M3RkY3LnBkZgAADgBuADYAVABpAGUAbAB2AGEAbgAgAFQAaQBlAGwAXwAyADAAMQAyAF8ARQBtAGIAZQBkAGQAZQBkACAAUwBjAGEAbABhAHIAcwAgAGEAbgBkACAAVAB5AHAAaQBjAGEAbABpAHQAeQBjAC4AcABkAGYADwAaAAwATQBhAGMAaQBuAHQAbwBzAGgAIABIAEQAEgBfVXNlcnMvbWljaGEvRGVza3RvcC9kYXRhL3N5bmMvTGl0ZXJhdHVyZS9UaWVsdmFuIFRpZWxfMjAxMl9FbWJlZGRlZCBTY2FsYXJzIGFuZCBUeXBpY2FsaXR5Yy5wZGYAABMAAS8AABUAAgAM//8AAIAG0hscHR5aJGNsYXNzbmFtZVgkY2xhc3Nlc11OU011dGFibGVEYXRhox0fIFZOU0RhdGFYTlNPYmplY3TSGxwiI1xOU0RpY3Rpb25hcnmiIiBfEA9OU0tleWVkQXJjaGl2ZXLRJidUcm9vdIABAAgAEQAaACMALQAyADcAQABGAE0AVQBgAGcAagBsAG4AcQBzAHUAdwCEAI4A8AD1AP0DPQM/A0QDTwNYA2YDagNxA3oDfwOMA48DoQOkA6kAAAAAAAACAQAAAAAAAAAoAAAAAAAAAAAAAAAAAAADqw==}}

@incollection{ChierchiaFox2008:The-Grammatical,
	Address = {Berlin},
	Author = {Gennaro Chierchia and Danny Fox and Benjamin Spector},
	Booktitle = {Semantics. {A}n International Handbook of Natural Language Meaning},
	Date-Added = {2008-09-04 17:01:23 +0200},
	Date-Modified = {2014-01-10 15:51:31 +0000},
	Editor = {Claudia Maienborn and {\SortNoop{Heusinger}}von Heusinger, Klaus and Paul Portner},
	Local-Url = {file://localhost/Users/micha/Desktop/data/sync/Literature/ChierchiaFox_2008_The%20Grammatical%20View%20of%20Scalar%20Implicatures%20and%20the%20Relationship%20between%20Semantics%20and%20Pragmatics.pdf},
	Pages = {2297--2332},
	Publisher = {de Gruyter},
	Title = {Scalar Implicature as a Grammatical Phenonenon},
	Year = {2012},
	Bdsk-File-1 = {YnBsaXN0MDDUAQIDBAUGJCVYJHZlcnNpb25YJG9iamVjdHNZJGFyY2hpdmVyVCR0b3ASAAGGoKgHCBMUFRYaIVUkbnVsbNMJCgsMDxJXTlMua2V5c1pOUy5vYmplY3RzViRjbGFzc6INDoACgAOiEBGABIAFgAdccmVsYXRpdmVQYXRoWWFsaWFzRGF0YV8QoC4uLy4uLy4uLy4uL0Rlc2t0b3AvZGF0YS9zeW5jL0xpdGVyYXR1cmUvQ2hpZXJjaGlhRm94XzIwMDhfVGhlIEdyYW1tYXRpY2FsIFZpZXcgb2YgU2NhbGFyIEltcGxpY2F0dXJlcyBhbmQgdGhlIFJlbGF0aW9uc2hpcCBiZXR3ZWVuIFNlbWFudGljcyBhbmQgUHJhZ21hdGljcy5wZGbSFwsYGVdOUy5kYXRhTxEC/gAAAAAC/gACAAAMTWFjaW50b3NoIEhEAAAAAAAAAAAAAAAAAAAAz9RG5kgrAAAADHu1H0NoaWVyY2hpYUZveF8yMDA4X1RoZSNDN0M0MC5wZGYAAAAAAAAAAAAAAAAAAAAAAAAAAAAAAAAAAAAAAAAAAAAMfEDE5fe5AAAAAAAAAAAABAAFAAAJIAAAAAAAAAAAAAAAAAAAAApMaXRlcmF0dXJlABAACAAAz9QqxgAAABEACAAAxOXbmQAAAAEAGAAMe7UADHs7AAuoZgAKvIkACT4IAAJm+QACAFtNYWNpbnRvc2ggSEQ6VXNlcnM6AG1pY2hhOgBEZXNrdG9wOgBkYXRhOgBzeW5jOgBMaXRlcmF0dXJlOgBDaGllcmNoaWFGb3hfMjAwOF9UaGUjQzdDNDAucGRmAAAOAPAAdwBDAGgAaQBlAHIAYwBoAGkAYQBGAG8AeABfADIAMAAwADgAXwBUAGgAZQAgAEcAcgBhAG0AbQBhAHQAaQBjAGEAbAAgAFYAaQBlAHcAIABvAGYAIABTAGMAYQBsAGEAcgAgAEkAbQBwAGwAaQBjAGEAdAB1AHIAZQBzACAAYQBuAGQAIAB0AGgAZQAgAFIAZQBsAGEAdABpAG8AbgBzAGgAaQBwACAAYgBlAHQAdwBlAGUAbgAgAFMAZQBtAGEAbgB0AGkAYwBzACAAYQBuAGQAIABQAHIAYQBnAG0AYQB0AGkAYwBzAC4AcABkAGYADwAaAAwATQBhAGMAaQBuAHQAbwBzAGgAIABIAEQAEgCgVXNlcnMvbWljaGEvRGVza3RvcC9kYXRhL3N5bmMvTGl0ZXJhdHVyZS9DaGllcmNoaWFGb3hfMjAwOF9UaGUgR3JhbW1hdGljYWwgVmlldyBvZiBTY2FsYXIgSW1wbGljYXR1cmVzIGFuZCB0aGUgUmVsYXRpb25zaGlwIGJldHdlZW4gU2VtYW50aWNzIGFuZCBQcmFnbWF0aWNzLnBkZgATAAEvAAAVAAIADP//AACABtIbHB0eWiRjbGFzc25hbWVYJGNsYXNzZXNdTlNNdXRhYmxlRGF0YaMdHyBWTlNEYXRhWE5TT2JqZWN00hscIiNcTlNEaWN0aW9uYXJ5oiIgXxAPTlNLZXllZEFyY2hpdmVy0SYnVHJvb3SAAQAIABEAGgAjAC0AMgA3AEAARgBNAFUAYABnAGoAbABuAHEAcwB1AHcAhACOATEBNgE+BEAEQgRHBFIEWwRpBG0EdAR9BIIEjwSSBKQEpwSsAAAAAAAAAgEAAAAAAAAAKAAAAAAAAAAAAAAAAAAABK4=}}

@article{DegenTanenhaus2012:Processing-Scal,
	Author = {Judith Degen and Michael K. Tanenhaus},
	Date-Added = {2013-01-02 15:39:07 +0000},
	Date-Modified = {2014-01-03 06:55:17 +0000},
	Journal = {Cognitive Science},
	Title = {Processing Scalar Implicatures: {A} Constraint-Based Approach},
	Year = {to appear},
	Bdsk-File-1 = {YnBsaXN0MDDUAQIDBAUGJCVYJHZlcnNpb25YJG9iamVjdHNZJGFyY2hpdmVyVCR0b3ASAAGGoKgHCBMUFRYaIVUkbnVsbNMJCgsMDxJXTlMua2V5c1pOUy5vYmplY3RzViRjbGFzc6INDoACgAOiEBGABIAFgAdccmVsYXRpdmVQYXRoWWFsaWFzRGF0YV8Qey4uLy4uLy4uLy4uL0Rlc2t0b3AvZGF0YS9zeW5jL0xpdGVyYXR1cmUvRGVnZW5UYW5lbmhhdXNfMjAxMl9Qcm9jZXNzaW5nIFNjYWxhciBJbXBsaWNhdHVyZXMgQSBDb25zdHJhaW50LUJhc2VkIEFwcHJvYWNoLnBkZtIXCxgZV05TLmRhdGFPEQKQAAAAAAKQAAIAAAxNYWNpbnRvc2ggSEQAAAAAAAAAAAAAAAAAAADP1EbmSCsAAAAMe7UfRGVnZW5UYW5lbmhhdXNfMjAxMl9QI0M3QzY4LnBkZgAAAAAAAAAAAAAAAAAAAAAAAAAAAAAAAAAAAAAAAAAAAAx8aM0KE3cAAAAAAAAAAAAEAAUAAAkgAAAAAAAAAAAAAAAAAAAACkxpdGVyYXR1cmUAEAAIAADP1CrGAAAAEQAIAADNCgVnAAAAAQAYAAx7tQAMezsAC6hmAAq8iQAJPggAAmb5AAIAW01hY2ludG9zaCBIRDpVc2VyczoAbWljaGE6AERlc2t0b3A6AGRhdGE6AHN5bmM6AExpdGVyYXR1cmU6AERlZ2VuVGFuZW5oYXVzXzIwMTJfUCNDN0M2OC5wZGYAAA4ApgBSAEQAZQBnAGUAbgBUAGEAbgBlAG4AaABhAHUAcwBfADIAMAAxADIAXwBQAHIAbwBjAGUAcwBzAGkAbgBnACAAUwBjAGEAbABhAHIAIABJAG0AcABsAGkAYwBhAHQAdQByAGUAcwAgAEEAIABDAG8AbgBzAHQAcgBhAGkAbgB0AC0AQgBhAHMAZQBkACAAQQBwAHAAcgBvAGEAYwBoAC4AcABkAGYADwAaAAwATQBhAGMAaQBuAHQAbwBzAGgAIABIAEQAEgB7VXNlcnMvbWljaGEvRGVza3RvcC9kYXRhL3N5bmMvTGl0ZXJhdHVyZS9EZWdlblRhbmVuaGF1c18yMDEyX1Byb2Nlc3NpbmcgU2NhbGFyIEltcGxpY2F0dXJlcyBBIENvbnN0cmFpbnQtQmFzZWQgQXBwcm9hY2gucGRmAAATAAEvAAAVAAIADP//AACABtIbHB0eWiRjbGFzc25hbWVYJGNsYXNzZXNdTlNNdXRhYmxlRGF0YaMdHyBWTlNEYXRhWE5TT2JqZWN00hscIiNcTlNEaWN0aW9uYXJ5oiIgXxAPTlNLZXllZEFyY2hpdmVy0SYnVHJvb3SAAQAIABEAGgAjAC0AMgA3AEAARgBNAFUAYABnAGoAbABuAHEAcwB1AHcAhACOAQwBEQEZA60DrwO0A78DyAPWA9oD4QPqA+8D/AP/BBEEFAQZAAAAAAAAAgEAAAAAAAAAKAAAAAAAAAAAAAAAAAAABBs=},
	Bdsk-File-2 = {YnBsaXN0MDDUAQIDBAUGJCVYJHZlcnNpb25YJG9iamVjdHNZJGFyY2hpdmVyVCR0b3ASAAGGoKgHCBMUFRYaIVUkbnVsbNMJCgsMDxJXTlMua2V5c1pOUy5vYmplY3RzViRjbGFzc6INDoACgAOiEBGABIAFgAdccmVsYXRpdmVQYXRoWWFsaWFzRGF0YV8Qey4uLy4uLy4uLy4uL0Rlc2t0b3AvZGF0YS9zeW5jL0xpdGVyYXR1cmUvRGVnZW5UYW5lbmhhdXNfMjAxNF9Qcm9jZXNzaW5nIFNjYWxhciBJbXBsaWNhdHVyZXMgQSBDb25zdHJhaW50LUJhc2VkIEFwcHJvYWNoLnBkZtIXCxgZV05TLmRhdGFPEQKQAAAAAAKQAAIAAAxNYWNpbnRvc2ggSEQAAAAAAAAAAAAAAAAAAADP1EbmSCsAAAAMe7UfRGVnZW5UYW5lbmhhdXNfMjAxNF9QI0M3QzY5LnBkZgAAAAAAAAAAAAAAAAAAAAAAAAAAAAAAAAAAAAAAAAAAAAx8ac74EzgAAAAAAAAAAAAEAAUAAAkgAAAAAAAAAAAAAAAAAAAACkxpdGVyYXR1cmUAEAAIAADP1CrGAAAAEQAIAADO+AUoAAAAAQAYAAx7tQAMezsAC6hmAAq8iQAJPggAAmb5AAIAW01hY2ludG9zaCBIRDpVc2VyczoAbWljaGE6AERlc2t0b3A6AGRhdGE6AHN5bmM6AExpdGVyYXR1cmU6AERlZ2VuVGFuZW5oYXVzXzIwMTRfUCNDN0M2OS5wZGYAAA4ApgBSAEQAZQBnAGUAbgBUAGEAbgBlAG4AaABhAHUAcwBfADIAMAAxADQAXwBQAHIAbwBjAGUAcwBzAGkAbgBnACAAUwBjAGEAbABhAHIAIABJAG0AcABsAGkAYwBhAHQAdQByAGUAcwAgAEEAIABDAG8AbgBzAHQAcgBhAGkAbgB0AC0AQgBhAHMAZQBkACAAQQBwAHAAcgBvAGEAYwBoAC4AcABkAGYADwAaAAwATQBhAGMAaQBuAHQAbwBzAGgAIABIAEQAEgB7VXNlcnMvbWljaGEvRGVza3RvcC9kYXRhL3N5bmMvTGl0ZXJhdHVyZS9EZWdlblRhbmVuaGF1c18yMDE0X1Byb2Nlc3NpbmcgU2NhbGFyIEltcGxpY2F0dXJlcyBBIENvbnN0cmFpbnQtQmFzZWQgQXBwcm9hY2gucGRmAAATAAEvAAAVAAIADP//AACABtIbHB0eWiRjbGFzc25hbWVYJGNsYXNzZXNdTlNNdXRhYmxlRGF0YaMdHyBWTlNEYXRhWE5TT2JqZWN00hscIiNcTlNEaWN0aW9uYXJ5oiIgXxAPTlNLZXllZEFyY2hpdmVy0SYnVHJvb3SAAQAIABEAGgAjAC0AMgA3AEAARgBNAFUAYABnAGoAbABuAHEAcwB1AHcAhACOAQwBEQEZA60DrwO0A78DyAPWA9oD4QPqA+8D/AP/BBEEFAQZAAAAAAAAAgEAAAAAAAAAKAAAAAAAAAAAAAAAAAAABBs=}}

@incollection{Grice1975:Logic-and-Conve,
	Address = {New York},
	Author = {Paul Herbert Grice},
	Booktitle = {Syntax and Semantics, Vol.~3, Speech Acts},
	Date-Added = {2010-04-21 09:26:22 +0200},
	Date-Modified = {2014-07-11 12:55:59 +0000},
	Editor = {Peter Cole and Jerry L. Morgan},
	Keywords = {pragmatics, implicature, logic},
	Pages = {41--58},
	Publisher = {Academic Press},
	Title = {Logic and Conversation},
	Year = {1975},
	Bdsk-File-1 = {YnBsaXN0MDDUAQIDBAUGJCVYJHZlcnNpb25YJG9iamVjdHNZJGFyY2hpdmVyVCR0b3ASAAGGoKgHCBMUFRYaIVUkbnVsbNMJCgsMDxJXTlMua2V5c1pOUy5vYmplY3RzViRjbGFzc6INDoACgAOiEBGABIAFgAdccmVsYXRpdmVQYXRoWWFsaWFzRGF0YV8QTi4uLy4uLy4uLy4uL0Rlc2t0b3AvZGF0YS9zeW5jL0xpdGVyYXR1cmUvR3JpY2VfMTk3NV9Mb2dpYyBhbmQgQ29udmVyc2F0aW9uLnBkZtIXCxgZV05TLmRhdGFPEQIIAAAAAAIIAAIAAAxNYWNpbnRvc2ggSEQAAAAAAAAAAAAAAAAAAADP1EbmSCsAAAAMe7UfR3JpY2VfMTk3NV9Mb2dpYyBhbmQgI0M3Q0YyLnBkZgAAAAAAAAAAAAAAAAAAAAAAAAAAAAAAAAAAAAAAAAAAAAx88sf0dakAAAAAAAAAAAAEAAUAAAkgAAAAAAAAAAAAAAAAAAAACkxpdGVyYXR1cmUAEAAIAADP1CrGAAAAEQAIAADH9FmJAAAAAQAYAAx7tQAMezsAC6hmAAq8iQAJPggAAmb5AAIAW01hY2ludG9zaCBIRDpVc2VyczoAbWljaGE6AERlc2t0b3A6AGRhdGE6AHN5bmM6AExpdGVyYXR1cmU6AEdyaWNlXzE5NzVfTG9naWMgYW5kICNDN0NGMi5wZGYAAA4ATAAlAEcAcgBpAGMAZQBfADEAOQA3ADUAXwBMAG8AZwBpAGMAIABhAG4AZAAgAEMAbwBuAHYAZQByAHMAYQB0AGkAbwBuAC4AcABkAGYADwAaAAwATQBhAGMAaQBuAHQAbwBzAGgAIABIAEQAEgBOVXNlcnMvbWljaGEvRGVza3RvcC9kYXRhL3N5bmMvTGl0ZXJhdHVyZS9HcmljZV8xOTc1X0xvZ2ljIGFuZCBDb252ZXJzYXRpb24ucGRmABMAAS8AABUAAgAM//8AAIAG0hscHR5aJGNsYXNzbmFtZVgkY2xhc3Nlc11OU011dGFibGVEYXRhox0fIFZOU0RhdGFYTlNPYmplY3TSGxwiI1xOU0RpY3Rpb25hcnmiIiBfEA9OU0tleWVkQXJjaGl2ZXLRJidUcm9vdIABAAgAEQAaACMALQAyADcAQABGAE0AVQBgAGcAagBsAG4AcQBzAHUAdwCEAI4A3wDkAOwC+AL6Av8DCgMTAyEDJQMsAzUDOgNHA0oDXANfA2QAAAAAAAACAQAAAAAAAAAoAAAAAAAAAAAAAAAAAAADZg==},
	Bdsk-File-2 = {YnBsaXN0MDDUAQIDBAUGJCVYJHZlcnNpb25YJG9iamVjdHNZJGFyY2hpdmVyVCR0b3ASAAGGoKgHCBMUFRYaIVUkbnVsbNMJCgsMDxJXTlMua2V5c1pOUy5vYmplY3RzViRjbGFzc6INDoACgAOiEBGABIAFgAdccmVsYXRpdmVQYXRoWWFsaWFzRGF0YV8QTy4uLy4uLy4uLy4uL0Rlc2t0b3AvZGF0YS9zeW5jL0xpdGVyYXR1cmUvR3JpY2VfMTk3NV9Mb2dpYyBhbmQgQ29udmVyc2F0aW9uYS5wZGbSFwsYGVdOUy5kYXRhTxECDAAAAAACDAACAAAMTWFjaW50b3NoIEhEAAAAAAAAAAAAAAAAAAAAz9RG5kgrAAAADHu1H0dyaWNlXzE5NzVfTG9naWMgYW5kICNDN0NGMy5wZGYAAAAAAAAAAAAAAAAAAAAAAAAAAAAAAAAAAAAAAAAAAAAMfPPJY7KSAAAAAAAAAAAABAAFAAAJIAAAAAAAAAAAAAAAAAAAAApMaXRlcmF0dXJlABAACAAAz9QqxgAAABEACAAAyWOkggAAAAEAGAAMe7UADHs7AAuoZgAKvIkACT4IAAJm+QACAFtNYWNpbnRvc2ggSEQ6VXNlcnM6AG1pY2hhOgBEZXNrdG9wOgBkYXRhOgBzeW5jOgBMaXRlcmF0dXJlOgBHcmljZV8xOTc1X0xvZ2ljIGFuZCAjQzdDRjMucGRmAAAOAE4AJgBHAHIAaQBjAGUAXwAxADkANwA1AF8ATABvAGcAaQBjACAAYQBuAGQAIABDAG8AbgB2AGUAcgBzAGEAdABpAG8AbgBhAC4AcABkAGYADwAaAAwATQBhAGMAaQBuAHQAbwBzAGgAIABIAEQAEgBPVXNlcnMvbWljaGEvRGVza3RvcC9kYXRhL3N5bmMvTGl0ZXJhdHVyZS9HcmljZV8xOTc1X0xvZ2ljIGFuZCBDb252ZXJzYXRpb25hLnBkZgAAEwABLwAAFQACAAz//wAAgAbSGxwdHlokY2xhc3NuYW1lWCRjbGFzc2VzXU5TTXV0YWJsZURhdGGjHR8gVk5TRGF0YVhOU09iamVjdNIbHCIjXE5TRGljdGlvbmFyeaIiIF8QD05TS2V5ZWRBcmNoaXZlctEmJ1Ryb290gAEACAARABoAIwAtADIANwBAAEYATQBVAGAAZwBqAGwAbgBxAHMAdQB3AIQAjgDgAOUA7QL9Av8DBAMPAxgDJgMqAzEDOgM/A0wDTwNhA2QDaQAAAAAAAAIBAAAAAAAAACgAAAAAAAAAAAAAAAAAAANr}}

@incollection{Vaissiere83,
	Address = {Berlin},
	Author = {J. Vaissi\`{e}re},
	Booktitle = {Prosody: Models and Measurements},
	Editor = {A. Cutler and D.R. Ladd},
	Pages = {53--66},
	Publisher = {Springer},
	Title = {Language-dependent prosodic features},
	Year = {1983}}

@article{Steinhauer01,
	Author = {K. Steinhauer and A.D. Friederici},
	Journal = {Journal of Psycholinguistic Research},
	Number = {1},
	Pages = {267--295},
	Title = {Prosodic boundaries, comma rules, and brain responses: The Closure Positive Shift in ERPs a universal marker for prosodic phrasing in listeners and readers},
	Volume = {30},
	Year = {2001}}

@article{Snedeker03,
	Author = {J. Snedeker and J.C. Trueswell},
	Journal = {Journal of Memory and Language},
	Pages = {103--130},
	Title = {Using Prosody to Avoid Ambiguity: {E}ffects of Speaker Awareness and Referential Context},
	Volume = {48},
	Year = {2003}}

@book{Augurzky06,
	Address = {Leipzig},
	Author = {Petra Augurzky},
	Series = {MPI Series in Human Cognitive and Brain Sciences},
	Title = {Attaching Relative Clauses in German: The Role of Implicit and Explicit Prosody in Sentence Processing},
	Volume = {77},
	Year = {2006}}

@article{Ippolito2010:Embedded-Implic,
	Author = {Michela Ippolito},
	Date-Added = {2012-05-23 14:57:47 +0000},
	Date-Modified = {2012-05-23 14:59:40 +0000},
	Doi = {10.3765/sp.3.5},
	Journal = {Semantics \& Pragmatics},
	Number = {5},
	Pages = {1--15},
	Title = {Embedded Implicatures? Remarks on the debate between globalist and localist theories},
	Volume = {3},
	Year = {2010},
	Bdsk-File-1 = {YnBsaXN0MDDUAQIDBAUGJCVYJHZlcnNpb25YJG9iamVjdHNZJGFyY2hpdmVyVCR0b3ASAAGGoKgHCBMUFRYaIVUkbnVsbNMJCgsMDxJXTlMua2V5c1pOUy5vYmplY3RzViRjbGFzc6INDoACgAOiEBGABIAFgAdccmVsYXRpdmVQYXRoWWFsaWFzRGF0YV8Qhi4uLy4uLy4uLy4uL0Rlc2t0b3AvZGF0YS9zeW5jL0xpdGVyYXR1cmUvSXBwb2xpdG9fMjAxMF9FbWJlZGRlZCBJbXBsaWNhdHVyZXM/IFJlbWFya3Mgb24gdGhlIGRlYmF0ZSBiZXR3ZWVuIGdsb2JhbGlzdCBhbmQgbG9jYWxpc3QucGRm0hcLGBlXTlMuZGF0YU8RArAAAAAAArAAAgAADE1hY2ludG9zaCBIRAAAAAAAAAAAAAAAAAAAAM/URuZIKwAAAAx7tR9JcHBvbGl0b18yMDEwX0VtYmVkZGUjQzdENDMucGRmAAAAAAAAAAAAAAAAAAAAAAAAAAAAAAAAAAAAAAAAAAAADH1Dy+LH8AAAAAAAAAAAAAQABQAACSAAAAAAAAAAAAAAAAAAAAAKTGl0ZXJhdHVyZQAQAAgAAM/UKsYAAAARAAgAAMviq9AAAAABABgADHu1AAx7OwALqGYACryJAAk+CAACZvkAAgBbTWFjaW50b3NoIEhEOlVzZXJzOgBtaWNoYToARGVza3RvcDoAZGF0YToAc3luYzoATGl0ZXJhdHVyZToASXBwb2xpdG9fMjAxMF9FbWJlZGRlI0M3RDQzLnBkZgAADgC8AF0ASQBwAHAAbwBsAGkAdABvAF8AMgAwADEAMABfAEUAbQBiAGUAZABkAGUAZAAgAEkAbQBwAGwAaQBjAGEAdAB1AHIAZQBzAD8AIABSAGUAbQBhAHIAawBzACAAbwBuACAAdABoAGUAIABkAGUAYgBhAHQAZQAgAGIAZQB0AHcAZQBlAG4AIABnAGwAbwBiAGEAbABpAHMAdAAgAGEAbgBkACAAbABvAGMAYQBsAGkAcwB0AC4AcABkAGYADwAaAAwATQBhAGMAaQBuAHQAbwBzAGgAIABIAEQAEgCGVXNlcnMvbWljaGEvRGVza3RvcC9kYXRhL3N5bmMvTGl0ZXJhdHVyZS9JcHBvbGl0b18yMDEwX0VtYmVkZGVkIEltcGxpY2F0dXJlcz8gUmVtYXJrcyBvbiB0aGUgZGViYXRlIGJldHdlZW4gZ2xvYmFsaXN0IGFuZCBsb2NhbGlzdC5wZGYAEwABLwAAFQACAAz//wAAgAbSGxwdHlokY2xhc3NuYW1lWCRjbGFzc2VzXU5TTXV0YWJsZURhdGGjHR8gVk5TRGF0YVhOU09iamVjdNIbHCIjXE5TRGljdGlvbmFyeaIiIF8QD05TS2V5ZWRBcmNoaXZlctEmJ1Ryb290gAEACAARABoAIwAtADIANwBAAEYATQBVAGAAZwBqAGwAbgBxAHMAdQB3AIQAjgEXARwBJAPYA9oD3wPqA/MEAQQFBAwEFQQaBCcEKgQ8BD8ERAAAAAAAAAIBAAAAAAAAACgAAAAAAAAAAAAAAAAAAARG}}

@article{GeurtsPouscoulous2009:Embedded-Implic,
	Author = {Bart Geurts and Nausicaa Pouscoulous},
	Date-Added = {2010-10-18 10:01:39 +0200},
	Date-Modified = {2011-01-24 22:54:29 +0100},
	Doi = {doi:10.3765/sp.2.4},
	Journal = {Semantics \& Pragmatics},
	Number = {4},
	Pages = {1--34},
	Title = {Embedded Implicatures?!?},
	Volume = {2},
	Year = {2009},
	Bdsk-File-1 = {YnBsaXN0MDDUAQIDBAUGJCVYJHZlcnNpb25YJG9iamVjdHNZJGFyY2hpdmVyVCR0b3ASAAGGoKgHCBMUFRYaIVUkbnVsbNMJCgsMDxJXTlMua2V5c1pOUy5vYmplY3RzViRjbGFzc6INDoACgAOiEBGABIAFgAdccmVsYXRpdmVQYXRoWWFsaWFzRGF0YV8QXC4uLy4uLy4uLy4uL0Rlc2t0b3AvZGF0YS9zeW5jL0xpdGVyYXR1cmUvR2V1cnRzUG91c2NvdWxvdXNfMjAwOV9FbWJlZGRlZCBJbXBsaWNhdHVyZXM/IT8ucGRm0hcLGBlXTlMuZGF0YU8RAjIAAAAAAjIAAgAADE1hY2ludG9zaCBIRAAAAAAAAAAAAAAAAAAAAM/URuZIKwAAAAx7tR9HZXVydHNQb3VzY291bG91c18yMDAjQzdDQ0EucGRmAAAAAAAAAAAAAAAAAAAAAAAAAAAAAAAAAAAAAAAAAAAADHzKyOKKCwAAAAAAAAAAAAQABQAACSAAAAAAAAAAAAAAAAAAAAAKTGl0ZXJhdHVyZQAQAAgAAM/UKsYAAAARAAgAAMjibesAAAABABgADHu1AAx7OwALqGYACryJAAk+CAACZvkAAgBbTWFjaW50b3NoIEhEOlVzZXJzOgBtaWNoYToARGVza3RvcDoAZGF0YToAc3luYzoATGl0ZXJhdHVyZToAR2V1cnRzUG91c2NvdWxvdXNfMjAwI0M3Q0NBLnBkZgAADgBoADMARwBlAHUAcgB0AHMAUABvAHUAcwBjAG8AdQBsAG8AdQBzAF8AMgAwADAAOQBfAEUAbQBiAGUAZABkAGUAZAAgAEkAbQBwAGwAaQBjAGEAdAB1AHIAZQBzAD8AIQA/AC4AcABkAGYADwAaAAwATQBhAGMAaQBuAHQAbwBzAGgAIABIAEQAEgBcVXNlcnMvbWljaGEvRGVza3RvcC9kYXRhL3N5bmMvTGl0ZXJhdHVyZS9HZXVydHNQb3VzY291bG91c18yMDA5X0VtYmVkZGVkIEltcGxpY2F0dXJlcz8hPy5wZGYAEwABLwAAFQACAAz//wAAgAbSGxwdHlokY2xhc3NuYW1lWCRjbGFzc2VzXU5TTXV0YWJsZURhdGGjHR8gVk5TRGF0YVhOU09iamVjdNIbHCIjXE5TRGljdGlvbmFyeaIiIF8QD05TS2V5ZWRBcmNoaXZlctEmJ1Ryb290gAEACAARABoAIwAtADIANwBAAEYATQBVAGAAZwBqAGwAbgBxAHMAdQB3AIQAjgDtAPIA+gMwAzIDNwNCA0sDWQNdA2QDbQNyA38DggOUA5cDnAAAAAAAAAIBAAAAAAAAACgAAAAAAAAAAAAAAAAAAAOe}}

@article{Soames1982:How-Presupposit,
	Author = {Scott Soames},
	Date-Added = {2008-09-22 19:56:19 +0200},
	Date-Modified = {2008-09-22 19:57:28 +0200},
	Journal = {Linguistic Inquiry},
	Number = {3},
	Pages = {483--545},
	Title = {How Presuppositions are Inherited: A Solution to the Projection Problem},
	Volume = {13},
	Year = {1982}}

@incollection{Bader98,
	Address = {Dordrecht},
	Author = {M. Bader},
	Booktitle = {RReanalysis in Sentence Processing},
	Editor = {J.D. Fodor and F. Ferreira},
	Pages = {1--46},
	Publisher = {Kluwer},
	Title = {Prosodic influences on reading syntactically ambiguous sentences},
	Year = {1998}}

@article{Kraljik05,
	Author = {T. Kraljik and S.E. Brennan},
	Journal = {Cognitive Psychology},
	Pages = {194--231},
	Title = {Using prosody and optional words to disambiguate utterances: {F}or the speaker or for the addressee?},
	Volume = {50},
	Year = {2005}}

@article{Sauerland2012:The-Computation,
	Author = {Uli Sauerland},
	Date-Added = {2012-05-15 09:49:28 +0000},
	Date-Modified = {2012-05-20 09:13:39 +0000},
	Doi = {10.1002/lnc3.321},
	Journal = {Language and Linguistics Compass},
	Number = {1},
	Pages = {36--49},
	Title = {The Computation of Scalar Implicatures: {P}ragmatic, Lexical or Grammatical},
	Volume = {6},
	Year = {2012},
	Bdsk-File-1 = {YnBsaXN0MDDUAQIDBAUGJCVYJHZlcnNpb25YJG9iamVjdHNZJGFyY2hpdmVyVCR0b3ASAAGGoKgHCBMUFRYaIVUkbnVsbNMJCgsMDxJXTlMua2V5c1pOUy5vYmplY3RzViRjbGFzc6INDoACgAOiEBGABIAFgAdccmVsYXRpdmVQYXRoWWFsaWFzRGF0YV8QhC4uLy4uLy4uLy4uL0Rlc2t0b3AvZGF0YS9zeW5jL0xpdGVyYXR1cmUvU2F1ZXJsYW5kXzIwMTFfVGhlIENvbXB1dGF0aW9uIG9mIFNjYWxhciBJbXBsaWNhdHVyZXMgUHJhZ21hdGljLCBMZXhpY2FsIG9yIEdyYW1tYXRpY2FsLnBkZtIXCxgZV05TLmRhdGFPEQKqAAAAAAKqAAIAAAxNYWNpbnRvc2ggSEQAAAAAAAAAAAAAAAAAAADP1EbmSCsAAAAMe7UfU2F1ZXJsYW5kXzIwMTFfVGhlIENvI0M3RjgzLnBkZgAAAAAAAAAAAAAAAAAAAAAAAAAAAAAAAAAAAAAAAAAAAAx/g8vYmZFQREYgAAAAAAAEAAUAAAkgAAAAAAAAAAAAAAAAAAAACkxpdGVyYXR1cmUAEAAIAADP1CrGAAAAEQAIAADL2H1xAAAAAQAYAAx7tQAMezsAC6hmAAq8iQAJPggAAmb5AAIAW01hY2ludG9zaCBIRDpVc2VyczoAbWljaGE6AERlc2t0b3A6AGRhdGE6AHN5bmM6AExpdGVyYXR1cmU6AFNhdWVybGFuZF8yMDExX1RoZSBDbyNDN0Y4My5wZGYAAA4AuABbAFMAYQB1AGUAcgBsAGEAbgBkAF8AMgAwADEAMQBfAFQAaABlACAAQwBvAG0AcAB1AHQAYQB0AGkAbwBuACAAbwBmACAAUwBjAGEAbABhAHIAIABJAG0AcABsAGkAYwBhAHQAdQByAGUAcwAgAFAAcgBhAGcAbQBhAHQAaQBjACwAIABMAGUAeABpAGMAYQBsACAAbwByACAARwByAGEAbQBtAGEAdABpAGMAYQBsAC4AcABkAGYADwAaAAwATQBhAGMAaQBuAHQAbwBzAGgAIABIAEQAEgCEVXNlcnMvbWljaGEvRGVza3RvcC9kYXRhL3N5bmMvTGl0ZXJhdHVyZS9TYXVlcmxhbmRfMjAxMV9UaGUgQ29tcHV0YXRpb24gb2YgU2NhbGFyIEltcGxpY2F0dXJlcyBQcmFnbWF0aWMsIExleGljYWwgb3IgR3JhbW1hdGljYWwucGRmABMAAS8AABUAAgAM//8AAIAG0hscHR5aJGNsYXNzbmFtZVgkY2xhc3Nlc11OU011dGFibGVEYXRhox0fIFZOU0RhdGFYTlNPYmplY3TSGxwiI1xOU0RpY3Rpb25hcnmiIiBfEA9OU0tleWVkQXJjaGl2ZXLRJidUcm9vdIABAAgAEQAaACMALQAyADcAQABGAE0AVQBgAGcAagBsAG4AcQBzAHUAdwCEAI4BFQEaASID0APSA9cD4gPrA/kD/QQEBA0EEgQfBCIENAQ3BDwAAAAAAAACAQAAAAAAAAAoAAAAAAAAAAAAAAAAAAAEPg==}}

@article{Steinhauer99,
	Author = {K. Steinhauer and K. Alter and A.D. Friederici},
	Journal = {Nature Neuroscience},
	Pages = {191-196},
	Title = {Brain potentials indicate the immediate use of prosodic cues in natural speech processing},
	Volume = {2},
	Year = {1999}}

@article{Beach1991,
	Author = {C. M. Beach},
 	Journal = {Journal of Memory and Language},
	Pages = {644--633},
	Title = {The interpretation of prosodic patterns at points of syntactic structure ambiguity. Evidence for cue trading relations},
	Volume = {30},
	Year = {1991}}
	
@inproceedings{DegenTanenhaus2011:Making-Inferenc,
	Author = {Judith Degen and Michael K. Tanenhaus},
	Booktitle = {Proceedings of the 33\textsuperscript{rd} Annual Conference of the Cognitive Science Society},
	Date-Added = {2012-12-27 10:20:17 +0000},
	Date-Modified = {2012-12-27 10:22:42 +0000},
	Editor = {L. Carlson and C. H{\"o}lscher and T. Shipley},
	Pages = {3299--3304},
	Title = {Making Inferences: {T}he Case of Scalar Implicature Processing},
	Year = {2011},
	Bdsk-File-1 = {YnBsaXN0MDDUAQIDBAUGJCVYJHZlcnNpb25YJG9iamVjdHNZJGFyY2hpdmVyVCR0b3ASAAGGoKgHCBMUFRYaIVUkbnVsbNMJCgsMDxJXTlMua2V5c1pOUy5vYmplY3RzViRjbGFzc6INDoACgAOiEBGABIAFgAdccmVsYXRpdmVQYXRoWWFsaWFzRGF0YV8QfC4uLy4uLy4uLy4uL0Rlc2t0b3AvZGF0YS9zeW5jL0xpdGVyYXR1cmUvRGVnZW5UYW5lbmhhdXNfMjAxMV9NYWtpbmcgSW5mZXJlbmNlcyBUaGUgQ2FzZSBvZiBTY2FsYXIgSW1wbGljYXR1cmUgUHJvY2Vzc2luZy5wZGbSFwsYGVdOUy5kYXRhTxECkgAAAAACkgACAAAMTWFjaW50b3NoIEhEAAAAAAAAAAAAAAAAAAAAz9RG5kgrAAAADHu1H0RlZ2VuVGFuZW5oYXVzXzIwMTFfTSNDN0M2Ny5wZGYAAAAAAAAAAAAAAAAAAAAAAAAAAAAAAAAAAAAAAAAAAAAMfGfNAd9tAAAAAAAAAAAABAAFAAAJIAAAAAAAAAAAAAAAAAAAAApMaXRlcmF0dXJlABAACAAAz9QqxgAAABEACAAAzQHRXQAAAAEAGAAMe7UADHs7AAuoZgAKvIkACT4IAAJm+QACAFtNYWNpbnRvc2ggSEQ6VXNlcnM6AG1pY2hhOgBEZXNrdG9wOgBkYXRhOgBzeW5jOgBMaXRlcmF0dXJlOgBEZWdlblRhbmVuaGF1c18yMDExX00jQzdDNjcucGRmAAAOAKgAUwBEAGUAZwBlAG4AVABhAG4AZQBuAGgAYQB1AHMAXwAyADAAMQAxAF8ATQBhAGsAaQBuAGcAIABJAG4AZgBlAHIAZQBuAGMAZQBzACAAVABoAGUAIABDAGEAcwBlACAAbwBmACAAUwBjAGEAbABhAHIAIABJAG0AcABsAGkAYwBhAHQAdQByAGUAIABQAHIAbwBjAGUAcwBzAGkAbgBnAC4AcABkAGYADwAaAAwATQBhAGMAaQBuAHQAbwBzAGgAIABIAEQAEgB8VXNlcnMvbWljaGEvRGVza3RvcC9kYXRhL3N5bmMvTGl0ZXJhdHVyZS9EZWdlblRhbmVuaGF1c18yMDExX01ha2luZyBJbmZlcmVuY2VzIFRoZSBDYXNlIG9mIFNjYWxhciBJbXBsaWNhdHVyZSBQcm9jZXNzaW5nLnBkZgATAAEvAAAVAAIADP//AACABtIbHB0eWiRjbGFzc25hbWVYJGNsYXNzZXNdTlNNdXRhYmxlRGF0YaMdHyBWTlNEYXRhWE5TT2JqZWN00hscIiNcTlNEaWN0aW9uYXJ5oiIgXxAPTlNLZXllZEFyY2hpdmVy0SYnVHJvb3SAAQAIABEAGgAjAC0AMgA3AEAARgBNAFUAYABnAGoAbABuAHEAcwB1AHcAhACOAQ0BEgEaA7ADsgO3A8IDywPZA90D5APtA/ID/wQCBBQEFwQcAAAAAAAAAgEAAAAAAAAAKAAAAAAAAAAAAAAAAAAABB4=}}

@article{Magri2009:A-Theory-of-Ind,
	Author = {Giorgio Magri},
	Date-Added = {2011-05-05 15:49:52 +0200},
	Date-Modified = {2011-05-05 15:50:45 +0200},
	Doi = {10.1007/s11050-009-9042-x},
	Journal = {Natural Language Semantics},
	Pages = {245--297},
	Title = {A Theory of Individual-Level Predicates on Blind Mandatory Scalar Implicatures},
	Volume = {17},
	Year = {2009},
	Bdsk-File-1 = {YnBsaXN0MDDUAQIDBAUGJCVYJHZlcnNpb25YJG9iamVjdHNZJGFyY2hpdmVyVCR0b3ASAAGGoKgHCBMUFRYaIVUkbnVsbNMJCgsMDxJXTlMua2V5c1pOUy5vYmplY3RzViRjbGFzc6INDoACgAOiEBGABIAFgAdccmVsYXRpdmVQYXRoWWFsaWFzRGF0YV8Qhi4uLy4uLy4uLy4uL0Rlc2t0b3AvZGF0YS9zeW5jL0xpdGVyYXR1cmUvTWFncmlfMjAwOV9BIFRoZW9yeSBvZiBJbmRpdmlkdWFsLUxldmVsIFByZWRpY2F0ZXMgb24gQmxpbmQgTWFuZGF0b3J5IFNjYWxhciBJbXBsaWNhdHVyZXMucGRm0hcLGBlXTlMuZGF0YU8RArAAAAAAArAAAgAADE1hY2ludG9zaCBIRAAAAAAAAAAAAAAAAAAAAM/URuZIKwAAAAx7tR9NYWdyaV8yMDA5X0EgVGhlb3J5IG8jQzdEQzMucGRmAAAAAAAAAAAAAAAAAAAAAAAAAAAAAAAAAAAAAAAAAAAADH3Dye2czgAAAAAAAAAAAAQABQAACSAAAAAAAAAAAAAAAAAAAAAKTGl0ZXJhdHVyZQAQAAgAAM/UKsYAAAARAAgAAMntgK4AAAABABgADHu1AAx7OwALqGYACryJAAk+CAACZvkAAgBbTWFjaW50b3NoIEhEOlVzZXJzOgBtaWNoYToARGVza3RvcDoAZGF0YToAc3luYzoATGl0ZXJhdHVyZToATWFncmlfMjAwOV9BIFRoZW9yeSBvI0M3REMzLnBkZgAADgC8AF0ATQBhAGcAcgBpAF8AMgAwADAAOQBfAEEAIABUAGgAZQBvAHIAeQAgAG8AZgAgAEkAbgBkAGkAdgBpAGQAdQBhAGwALQBMAGUAdgBlAGwAIABQAHIAZQBkAGkAYwBhAHQAZQBzACAAbwBuACAAQgBsAGkAbgBkACAATQBhAG4AZABhAHQAbwByAHkAIABTAGMAYQBsAGEAcgAgAEkAbQBwAGwAaQBjAGEAdAB1AHIAZQBzAC4AcABkAGYADwAaAAwATQBhAGMAaQBuAHQAbwBzAGgAIABIAEQAEgCGVXNlcnMvbWljaGEvRGVza3RvcC9kYXRhL3N5bmMvTGl0ZXJhdHVyZS9NYWdyaV8yMDA5X0EgVGhlb3J5IG9mIEluZGl2aWR1YWwtTGV2ZWwgUHJlZGljYXRlcyBvbiBCbGluZCBNYW5kYXRvcnkgU2NhbGFyIEltcGxpY2F0dXJlcy5wZGYAEwABLwAAFQACAAz//wAAgAbSGxwdHlokY2xhc3NuYW1lWCRjbGFzc2VzXU5TTXV0YWJsZURhdGGjHR8gVk5TRGF0YVhOU09iamVjdNIbHCIjXE5TRGljdGlvbmFyeaIiIF8QD05TS2V5ZWRBcmNoaXZlctEmJ1Ryb290gAEACAARABoAIwAtADIANwBAAEYATQBVAGAAZwBqAGwAbgBxAHMAdQB3AIQAjgEXARwBJAPYA9oD3wPqA/MEAQQFBAwEFQQaBCcEKgQ8BD8ERAAAAAAAAAIBAAAAAAAAACgAAAAAAAAAAAAAAAAAAARG}}

@book{Toepel06,
	Address = {Leipzig},
	Author = {Ulrike Toepel},
	Series = {MPI Series in Human Cognitive and Brain Sciences},
	Title = {Contrastive Topic and Focus Information in Discourse},
	Volume = {48},
	Year = {2006}}

@book{Rapp98,
	Address = {Stuttgart},
	Author = {S. Rapp},
	Series = {Arbeiten des Instituts f\"ur Maschinelle Sprachverarbeitung (AIMS)},
	Title = {Automatisierte Erstellung von Korpora f\"ur die Prosodieforschung},
	Volume = {4},
	Year = {1998}}

@article{vanRooijSchulz:ExhaustiveInterpretation,
	Author = {Katrin Schulz and {\SortNoop{Rooij}}van Rooij, Robert},
	Date-Modified = {2011-01-24 22:10:16 +0100},
	Doi = {DOI: 10.1007/s10988-005-3760-4},
	Journal = {Linguistics and Philosophy},
	Local-Url = {file://localhost/Users/micha/Desktop/data/sync/Literature/Rooijvan%20RooijSchulz_2006_Pragmatic%20Meaning%20and%20Non-monotonic%20Reasoning%20The%20Case%20of%20Exhaustive%20Interpretation.pdf},
	Pages = {205--250},
	Title = {Pragmatic Meaning and Non-monotonic Reasoning: The Case of Exhaustive Interpretation},
	Volume = {29},
	Year = 2006,
	Bdsk-File-1 = {YnBsaXN0MDDUAQIDBAUGJCVYJHZlcnNpb25YJG9iamVjdHNZJGFyY2hpdmVyVCR0b3ASAAGGoKgHCBMUFRYaIVUkbnVsbNMJCgsMDxJXTlMua2V5c1pOUy5vYmplY3RzViRjbGFzc6INDoACgAOiEBGABIAFgAdccmVsYXRpdmVQYXRoWWFsaWFzRGF0YV8Qmi4uLy4uLy4uLy4uL0Rlc2t0b3AvZGF0YS9zeW5jL0xpdGVyYXR1cmUvUm9vaWp2YW4gUm9vaWpTY2h1bHpfMjAwNl9QcmFnbWF0aWMgTWVhbmluZyBhbmQgTm9uLW1vbm90b25pYyBSZWFzb25pbmcgVGhlIENhc2Ugb2YgRXhoYXVzdGl2ZSBJbnRlcnByZXRhdGlvbi5wZGbSFwsYGVdOUy5kYXRhTxEC7AAAAAAC7AACAAAMTWFjaW50b3NoIEhEAAAAAAAAAAAAAAAAAAAAz9RG5kgrAAAADHu1H1Jvb2lqdmFuIFJvb2lqU2NodWx6XyNDN0Y1Ni5wZGYAAAAAAAAAAAAAAAAAAAAAAAAAAAAAAAAAAAAAAAAAAAAMf1bEfvD2AAAAAAAAAAAABAAFAAAJIAAAAAAAAAAAAAAAAAAAAApMaXRlcmF0dXJlABAACAAAz9QqxgAAABEACAAAxH7U1gAAAAEAGAAMe7UADHs7AAuoZgAKvIkACT4IAAJm+QACAFtNYWNpbnRvc2ggSEQ6VXNlcnM6AG1pY2hhOgBEZXNrdG9wOgBkYXRhOgBzeW5jOgBMaXRlcmF0dXJlOgBSb29panZhbiBSb29palNjaHVsel8jQzdGNTYucGRmAAAOAOQAcQBSAG8AbwBpAGoAdgBhAG4AIABSAG8AbwBpAGoAUwBjAGgAdQBsAHoAXwAyADAAMAA2AF8AUAByAGEAZwBtAGEAdABpAGMAIABNAGUAYQBuAGkAbgBnACAAYQBuAGQAIABOAG8AbgAtAG0AbwBuAG8AdABvAG4AaQBjACAAUgBlAGEAcwBvAG4AaQBuAGcAIABUAGgAZQAgAEMAYQBzAGUAIABvAGYAIABFAHgAaABhAHUAcwB0AGkAdgBlACAASQBuAHQAZQByAHAAcgBlAHQAYQB0AGkAbwBuAC4AcABkAGYADwAaAAwATQBhAGMAaQBuAHQAbwBzAGgAIABIAEQAEgCaVXNlcnMvbWljaGEvRGVza3RvcC9kYXRhL3N5bmMvTGl0ZXJhdHVyZS9Sb29panZhbiBSb29palNjaHVsel8yMDA2X1ByYWdtYXRpYyBNZWFuaW5nIGFuZCBOb24tbW9ub3RvbmljIFJlYXNvbmluZyBUaGUgQ2FzZSBvZiBFeGhhdXN0aXZlIEludGVycHJldGF0aW9uLnBkZgATAAEvAAAVAAIADP//AACABtIbHB0eWiRjbGFzc25hbWVYJGNsYXNzZXNdTlNNdXRhYmxlRGF0YaMdHyBWTlNEYXRhWE5TT2JqZWN00hscIiNcTlNEaWN0aW9uYXJ5oiIgXxAPTlNLZXllZEFyY2hpdmVy0SYnVHJvb3SAAQAIABEAGgAjAC0AMgA3AEAARgBNAFUAYABnAGoAbABuAHEAcwB1AHcAhACOASsBMAE4BCgEKgQvBDoEQwRRBFUEXARlBGoEdwR6BIwEjwSUAAAAAAAAAgEAAAAAAAAAKAAAAAAAAAAAAAAAAAAABJY=}}

@incollection{Spector2006:Scalar-Implicat,
	Address = {Amsterdam, Singapore},
	Author = {Benjamin Spector},
	Booktitle = {Questions in Dynamic Semantics},
	Date-Added = {2008-06-17 18:20:11 +0200},
	Date-Modified = {2011-01-21 10:24:42 +0100},
	Editor = {Maria Aloni and Alistair Butler and Paul Dekker},
	Local-Url = {file://localhost/Users/micha/Desktop/data/sync/Literature/Spector_2006_Scalar%20Implicatures%20Exhaustivity%20and%20Gricean%20Reasoning.pdf},
	Pages = {229--254},
	Publisher = {Elsevier},
	Title = {Scalar Implicatures: Exhaustivity and Gricean Reasoning},
	Year = {2006},
	Bdsk-File-1 = {YnBsaXN0MDDUAQIDBAUGJCVYJHZlcnNpb25YJG9iamVjdHNZJGFyY2hpdmVyVCR0b3ASAAGGoKgHCBMUFRYaIVUkbnVsbNMJCgsMDxJXTlMua2V5c1pOUy5vYmplY3RzViRjbGFzc6INDoACgAOiEBGABIAFgAdccmVsYXRpdmVQYXRoWWFsaWFzRGF0YV8QcC4uLy4uLy4uLy4uL0Rlc2t0b3AvZGF0YS9zeW5jL0xpdGVyYXR1cmUvU3BlY3Rvcl8yMDA2X1NjYWxhciBJbXBsaWNhdHVyZXMgRXhoYXVzdGl2aXR5IGFuZCBHcmljZWFuIFJlYXNvbmluZy5wZGbSFwsYGVdOUy5kYXRhTxECbgAAAAACbgACAAAMTWFjaW50b3NoIEhEAAAAAAAAAAAAAAAAAAAAz9RG5kgrAAAADHu1H1NwZWN0b3JfMjAwNl9TY2FsYXIgSSNDN0ZDNy5wZGYAAAAAAAAAAAAAAAAAAAAAAAAAAAAAAAAAAAAAAAAAAAAMf8fEfdx9AAAAAAAAAAAABAAFAAAJIAAAAAAAAAAAAAAAAAAAAApMaXRlcmF0dXJlABAACAAAz9QqxgAAABEACAAAxH3AXQAAAAEAGAAMe7UADHs7AAuoZgAKvIkACT4IAAJm+QACAFtNYWNpbnRvc2ggSEQ6VXNlcnM6AG1pY2hhOgBEZXNrdG9wOgBkYXRhOgBzeW5jOgBMaXRlcmF0dXJlOgBTcGVjdG9yXzIwMDZfU2NhbGFyIEkjQzdGQzcucGRmAAAOAJAARwBTAHAAZQBjAHQAbwByAF8AMgAwADAANgBfAFMAYwBhAGwAYQByACAASQBtAHAAbABpAGMAYQB0AHUAcgBlAHMAIABFAHgAaABhAHUAcwB0AGkAdgBpAHQAeQAgAGEAbgBkACAARwByAGkAYwBlAGEAbgAgAFIAZQBhAHMAbwBuAGkAbgBnAC4AcABkAGYADwAaAAwATQBhAGMAaQBuAHQAbwBzAGgAIABIAEQAEgBwVXNlcnMvbWljaGEvRGVza3RvcC9kYXRhL3N5bmMvTGl0ZXJhdHVyZS9TcGVjdG9yXzIwMDZfU2NhbGFyIEltcGxpY2F0dXJlcyBFeGhhdXN0aXZpdHkgYW5kIEdyaWNlYW4gUmVhc29uaW5nLnBkZgATAAEvAAAVAAIADP//AACABtIbHB0eWiRjbGFzc25hbWVYJGNsYXNzZXNdTlNNdXRhYmxlRGF0YaMdHyBWTlNEYXRhWE5TT2JqZWN00hscIiNcTlNEaWN0aW9uYXJ5oiIgXxAPTlNLZXllZEFyY2hpdmVy0SYnVHJvb3SAAQAIABEAGgAjAC0AMgA3AEAARgBNAFUAYABnAGoAbABuAHEAcwB1AHcAhACOAQEBBgEOA4ADggOHA5IDmwOpA60DtAO9A8IDzwPSA+QD5wPsAAAAAAAAAgEAAAAAAAAAKAAAAAAAAAAAAAAAAAAAA+4=}}

@article{BreenWatson2011:Intonational-ph,
	Author = {Mara Breen and Duane G. Watson and Edward Gibson},
	Date-Added = {2014-09-01 09:00:03 +0000},
	Date-Modified = {2014-09-01 09:01:15 +0000},
	Doi = {10.1080/01690965.2010.508878},
	Journal = {Language and Cognitive Processes},
	Pages = {1532--1562},
	Title = {Intonational phrasing is constrained by meaning, not balance},
	Year = {2011},
	Bdsk-File-1 = {YnBsaXN0MDDUAQIDBAUGJCVYJHZlcnNpb25YJG9iamVjdHNZJGFyY2hpdmVyVCR0b3ASAAGGoKgHCBMUFRYaIVUkbnVsbNMJCgsMDxJXTlMua2V5c1pOUy5vYmplY3RzViRjbGFzc6INDoACgAOiEBGABIAFgAdccmVsYXRpdmVQYXRoWWFsaWFzRGF0YV8Qei4uLy4uLy4uLy4uL0Rlc2t0b3AvZGF0YS9zeW5jL0xpdGVyYXR1cmUvQnJlZW5XYXRzb25fMjAxMV9JbnRvbmF0aW9uYWwgcGhyYXNpbmcgaXMgY29uc3RyYWluZWQgYnkgbWVhbmluZywgbm90IGJhbGFuY2UucGRm0hcLGBlXTlMuZGF0YU8RAowAAAAAAowAAgAADE1hY2ludG9zaCBIRAAAAAAAAAAAAAAAAAAAAM/URuZIKwAAAAx7tR9CcmVlbldhdHNvbl8yMDExX0ludCMyMjg3QjUucGRmAAAAAAAAAAAAAAAAAAAAAAAAAAAAAAAAAAAAAAAAAAAAIoe10CtbWAAAAAAAAAAAAAQABQAACSAAAAAAAAAAAAAAAAAAAAAKTGl0ZXJhdHVyZQAQAAgAAM/UKsYAAAARAAgAANArPzgAAAABABgADHu1AAx7OwALqGYACryJAAk+CAACZvkAAgBbTWFjaW50b3NoIEhEOlVzZXJzOgBtaWNoYToARGVza3RvcDoAZGF0YToAc3luYzoATGl0ZXJhdHVyZToAQnJlZW5XYXRzb25fMjAxMV9JbnQjMjI4N0I1LnBkZgAADgCkAFEAQgByAGUAZQBuAFcAYQB0AHMAbwBuAF8AMgAwADEAMQBfAEkAbgB0AG8AbgBhAHQAaQBvAG4AYQBsACAAcABoAHIAYQBzAGkAbgBnACAAaQBzACAAYwBvAG4AcwB0AHIAYQBpAG4AZQBkACAAYgB5ACAAbQBlAGEAbgBpAG4AZwAsACAAbgBvAHQAIABiAGEAbABhAG4AYwBlAC4AcABkAGYADwAaAAwATQBhAGMAaQBuAHQAbwBzAGgAIABIAEQAEgB6VXNlcnMvbWljaGEvRGVza3RvcC9kYXRhL3N5bmMvTGl0ZXJhdHVyZS9CcmVlbldhdHNvbl8yMDExX0ludG9uYXRpb25hbCBwaHJhc2luZyBpcyBjb25zdHJhaW5lZCBieSBtZWFuaW5nLCBub3QgYmFsYW5jZS5wZGYAEwABLwAAFQACAAz//wAAgAbSGxwdHlokY2xhc3NuYW1lWCRjbGFzc2VzXU5TTXV0YWJsZURhdGGjHR8gVk5TRGF0YVhOU09iamVjdNIbHCIjXE5TRGljdGlvbmFyeaIiIF8QD05TS2V5ZWRBcmNoaXZlctEmJ1Ryb290gAEACAARABoAIwAtADIANwBAAEYATQBVAGAAZwBqAGwAbgBxAHMAdQB3AIQAjgELARABGAOoA6oDrwO6A8MD0QPVA9wD5QPqA/cD+gQMBA8EFAAAAAAAAAIBAAAAAAAAACgAAAAAAAAAAAAAAAAAAAQW}}

@inproceedings{Fodor02,
	Address = {Amherst: GSLA, University of Massachusetts},
	Author = {Janet Dean Fodor},
	Booktitle = {Proceedings of the North East Linguistic Society},
	Pages = {113--132},
	Title = {Prosodic disambiguation in silent reading},
	Year = {2002}}

@book{Uhmann91,
	Address = {T\"ubingen},
	Author = {Susanne Uhmann},
	Publisher = {Niemeyer},
	Title = {Fokusphonologie},
	Year = {1991}}

@article{Allbritton96,
	Author = {D.W. Allbritton and G. McKoon and R. Ratcliff},
	Journal = {Journal of Experimental Psychology: Learning, Memory and Cognition},
	Number = {3},
	Pages = {714--735},
	Title = {Reliability of prosodic cues for resolving syntactic ambiguities},
	Volume = {22},
	Year = {1996}}

@book{Geurts2010:Quantity-Implic,
	Address = {Cambridge, UK},
	Author = {Bart Geurts},
	Date-Added = {2010-08-26 16:27:47 +0200},
	Date-Modified = {2012-11-25 21:01:06 +0000},
	Publisher = {Cambridge University Press},
	Title = {Quantity Implicatures},
	Year = {2010},
	Bdsk-File-1 = {YnBsaXN0MDDUAQIDBAUGJCVYJHZlcnNpb25YJG9iamVjdHNZJGFyY2hpdmVyVCR0b3ASAAGGoKgHCBMUFRYaIVUkbnVsbNMJCgsMDxJXTlMua2V5c1pOUy5vYmplY3RzViRjbGFzc6INDoACgAOiEBGABIAFgAdccmVsYXRpdmVQYXRoWWFsaWFzRGF0YV8QTi4uLy4uLy4uLy4uL0Rlc2t0b3AvZGF0YS9zeW5jL0xpdGVyYXR1cmUvR2V1cnRzXzIwMTBfUXVhbnRpdHkgSW1wbGljYXR1cmVzLnBkZtIXCxgZV05TLmRhdGFPEQIIAAAAAAIIAAIAAAxNYWNpbnRvc2ggSEQAAAAAAAAAAAAAAAAAAADP1EbmSCsAAAAMe7UfR2V1cnRzXzIwMTBfUXVhbnRpdHkgI0M3Q0QwLnBkZgAAAAAAAAAAAAAAAAAAAAAAAAAAAAAAAAAAAAAAAAAAAAx80MickM8AAAAAAAAAAAAEAAUAAAkgAAAAAAAAAAAAAAAAAAAACkxpdGVyYXR1cmUAEAAIAADP1CrGAAAAEQAIAADInHSvAAAAAQAYAAx7tQAMezsAC6hmAAq8iQAJPggAAmb5AAIAW01hY2ludG9zaCBIRDpVc2VyczoAbWljaGE6AERlc2t0b3A6AGRhdGE6AHN5bmM6AExpdGVyYXR1cmU6AEdldXJ0c18yMDEwX1F1YW50aXR5ICNDN0NEMC5wZGYAAA4ATAAlAEcAZQB1AHIAdABzAF8AMgAwADEAMABfAFEAdQBhAG4AdABpAHQAeQAgAEkAbQBwAGwAaQBjAGEAdAB1AHIAZQBzAC4AcABkAGYADwAaAAwATQBhAGMAaQBuAHQAbwBzAGgAIABIAEQAEgBOVXNlcnMvbWljaGEvRGVza3RvcC9kYXRhL3N5bmMvTGl0ZXJhdHVyZS9HZXVydHNfMjAxMF9RdWFudGl0eSBJbXBsaWNhdHVyZXMucGRmABMAAS8AABUAAgAM//8AAIAG0hscHR5aJGNsYXNzbmFtZVgkY2xhc3Nlc11OU011dGFibGVEYXRhox0fIFZOU0RhdGFYTlNPYmplY3TSGxwiI1xOU0RpY3Rpb25hcnmiIiBfEA9OU0tleWVkQXJjaGl2ZXLRJidUcm9vdIABAAgAEQAaACMALQAyADcAQABGAE0AVQBgAGcAagBsAG4AcQBzAHUAdwCEAI4A3wDkAOwC+AL6Av8DCgMTAyEDJQMsAzUDOgNHA0oDXANfA2QAAAAAAAACAQAAAAAAAAAoAAAAAAAAAAAAAAAAAAADZg==}}

@phdthesis{Conroy2008:The-Role-of-Ver,
	Author = {Anastasia Marie Conroy},
	Date-Added = {2013-06-17 14:21:20 +0000},
	Date-Modified = {2013-06-17 14:22:52 +0000},
	School = {University of Maryland},
	Title = {The Role of Verification Strategies in Semantic Ambiguity Resolution in Children and Adults},
	Year = {2008},
	Bdsk-File-1 = {YnBsaXN0MDDUAQIDBAUGJCVYJHZlcnNpb25YJG9iamVjdHNZJGFyY2hpdmVyVCR0b3ASAAGGoKgHCBMUFRYaIVUkbnVsbNMJCgsMDxJXTlMua2V5c1pOUy5vYmplY3RzViRjbGFzc6INDoACgAOiEBGABIAFgAdccmVsYXRpdmVQYXRoWWFsaWFzRGF0YV8QiS4uLy4uLy4uLy4uL0Rlc2t0b3AvZGF0YS9zeW5jL0xpdGVyYXR1cmUvQ29ucm95XzIwMDhfVGhlIFJvbGUgb2YgVmVyaWZpY2F0aW9uIFN0cmF0ZWdpZXMgaW4gU2VtYW50aWMgQW1iaWd1aXR5IFJlc29sdXRpb24gaW4gQ2hpbGRyZW4ucGRm0hcLGBlXTlMuZGF0YU8RAroAAAAAAroAAgAADE1hY2ludG9zaCBIRAAAAAAAAAAAAAAAAAAAAM/URuZIKwAAAAx7tR9Db25yb3lfMjAwOF9UaGUgUm9sZSAjQzdDNEEucGRmAAAAAAAAAAAAAAAAAAAAAAAAAAAAAAAAAAAAAAAAAAAADHxKzd8uHwAAAAAAAAAAAAQABQAACSAAAAAAAAAAAAAAAAAAAAAKTGl0ZXJhdHVyZQAQAAgAAM/UKsYAAAARAAgAAM3fEf8AAAABABgADHu1AAx7OwALqGYACryJAAk+CAACZvkAAgBbTWFjaW50b3NoIEhEOlVzZXJzOgBtaWNoYToARGVza3RvcDoAZGF0YToAc3luYzoATGl0ZXJhdHVyZToAQ29ucm95XzIwMDhfVGhlIFJvbGUgI0M3QzRBLnBkZgAADgDCAGAAQwBvAG4AcgBvAHkAXwAyADAAMAA4AF8AVABoAGUAIABSAG8AbABlACAAbwBmACAAVgBlAHIAaQBmAGkAYwBhAHQAaQBvAG4AIABTAHQAcgBhAHQAZQBnAGkAZQBzACAAaQBuACAAUwBlAG0AYQBuAHQAaQBjACAAQQBtAGIAaQBnAHUAaQB0AHkAIABSAGUAcwBvAGwAdQB0AGkAbwBuACAAaQBuACAAQwBoAGkAbABkAHIAZQBuAC4AcABkAGYADwAaAAwATQBhAGMAaQBuAHQAbwBzAGgAIABIAEQAEgCJVXNlcnMvbWljaGEvRGVza3RvcC9kYXRhL3N5bmMvTGl0ZXJhdHVyZS9Db25yb3lfMjAwOF9UaGUgUm9sZSBvZiBWZXJpZmljYXRpb24gU3RyYXRlZ2llcyBpbiBTZW1hbnRpYyBBbWJpZ3VpdHkgUmVzb2x1dGlvbiBpbiBDaGlsZHJlbi5wZGYAABMAAS8AABUAAgAM//8AAIAG0hscHR5aJGNsYXNzbmFtZVgkY2xhc3Nlc11OU011dGFibGVEYXRhox0fIFZOU0RhdGFYTlNPYmplY3TSGxwiI1xOU0RpY3Rpb25hcnmiIiBfEA9OU0tleWVkQXJjaGl2ZXLRJidUcm9vdIABAAgAEQAaACMALQAyADcAQABGAE0AVQBgAGcAagBsAG4AcQBzAHUAdwCEAI4BGgEfAScD5QPnA+wD9wQABA4EEgQZBCIEJwQ0BDcESQRMBFEAAAAAAAACAQAAAAAAAAAoAAAAAAAAAAAAAAAAAAAEUw==},
	Bdsk-File-2 = {YnBsaXN0MDDUAQIDBAUGJCVYJHZlcnNpb25YJG9iamVjdHNZJGFyY2hpdmVyVCR0b3ASAAGGoKgHCBMUFRYaIVUkbnVsbNMJCgsMDxJXTlMua2V5c1pOUy5vYmplY3RzViRjbGFzc6INDoACgAOiEBGABIAFgAdccmVsYXRpdmVQYXRoWWFsaWFzRGF0YV8Qii4uLy4uLy4uLy4uL0Rlc2t0b3AvZGF0YS9zeW5jL0xpdGVyYXR1cmUvQ29ucm95XzIwMDhfVGhlIFJvbGUgb2YgVmVyaWZpY2F0aW9uIFN0cmF0ZWdpZXMgaW4gU2VtYW50aWMgQW1iaWd1aXR5IFJlc29sdXRpb24gaW4gQ2hpbGRyZW5hLnBkZtIXCxgZV05TLmRhdGFPEQK8AAAAAAK8AAIAAAxNYWNpbnRvc2ggSEQAAAAAAAAAAAAAAAAAAADP1EbmSCsAAAAMe7UfQ29ucm95XzIwMDhfVGhlIFJvbGUgI0M3QzRCLnBkZgAAAAAAAAAAAAAAAAAAAAAAAAAAAAAAAAAAAAAAAAAAAAx8S83k6K8AAAAAAAAAAAAEAAUAAAkgAAAAAAAAAAAAAAAAAAAACkxpdGVyYXR1cmUAEAAIAADP1CrGAAAAEQAIAADN5MyPAAAAAQAYAAx7tQAMezsAC6hmAAq8iQAJPggAAmb5AAIAW01hY2ludG9zaCBIRDpVc2VyczoAbWljaGE6AERlc2t0b3A6AGRhdGE6AHN5bmM6AExpdGVyYXR1cmU6AENvbnJveV8yMDA4X1RoZSBSb2xlICNDN0M0Qi5wZGYAAA4AxABhAEMAbwBuAHIAbwB5AF8AMgAwADAAOABfAFQAaABlACAAUgBvAGwAZQAgAG8AZgAgAFYAZQByAGkAZgBpAGMAYQB0AGkAbwBuACAAUwB0AHIAYQB0AGUAZwBpAGUAcwAgAGkAbgAgAFMAZQBtAGEAbgB0AGkAYwAgAEEAbQBiAGkAZwB1AGkAdAB5ACAAUgBlAHMAbwBsAHUAdABpAG8AbgAgAGkAbgAgAEMAaABpAGwAZAByAGUAbgBhAC4AcABkAGYADwAaAAwATQBhAGMAaQBuAHQAbwBzAGgAIABIAEQAEgCKVXNlcnMvbWljaGEvRGVza3RvcC9kYXRhL3N5bmMvTGl0ZXJhdHVyZS9Db25yb3lfMjAwOF9UaGUgUm9sZSBvZiBWZXJpZmljYXRpb24gU3RyYXRlZ2llcyBpbiBTZW1hbnRpYyBBbWJpZ3VpdHkgUmVzb2x1dGlvbiBpbiBDaGlsZHJlbmEucGRmABMAAS8AABUAAgAM//8AAIAG0hscHR5aJGNsYXNzbmFtZVgkY2xhc3Nlc11OU011dGFibGVEYXRhox0fIFZOU0RhdGFYTlNPYmplY3TSGxwiI1xOU0RpY3Rpb25hcnmiIiBfEA9OU0tleWVkQXJjaGl2ZXLRJidUcm9vdIABAAgAEQAaACMALQAyADcAQABGAE0AVQBgAGcAagBsAG4AcQBzAHUAdwCEAI4BGwEgASgD6APqA+8D+gQDBBEEFQQcBCUEKgQ3BDoETARPBFQAAAAAAAACAQAAAAAAAAAoAAAAAAAAAAAAAAAAAAAEVg==}}

@phdthesis{Conroy2008,
	Author = {Anastasia Marie Conroy},
	Owner = {obxfs01},
	School = {University of Maryland, College Park},
	Timestamp = {2012.07.02},
	Title = {The role of verification strategies in semantic ambiguity resolution in children and adults},
	Year = {2008}}

@article{MartyChemla2014:Phantom-reading,
	Author = {Paul Marty and Emmanuel Chemla and Benjamin Spector},
	Date-Added = {2014-08-27 15:07:07 +0000},
	Date-Modified = {2014-08-27 15:08:21 +0000},
	Doi = {10.1080/23273798.2014.931592},
	Journal = {Language, Cognition and Neuroscience},
	Title = {Phantom readings: {T}he case of modified numerals},
	Year = {2014},
	Bdsk-File-1 = {YnBsaXN0MDDUAQIDBAUGJCVYJHZlcnNpb25YJG9iamVjdHNZJGFyY2hpdmVyVCR0b3ASAAGGoKgHCBMUFRYaIVUkbnVsbNMJCgsMDxJXTlMua2V5c1pOUy5vYmplY3RzViRjbGFzc6INDoACgAOiEBGABIAFgAdccmVsYXRpdmVQYXRoWWFsaWFzRGF0YV8QbC4uLy4uLy4uLy4uL0Rlc2t0b3AvZGF0YS9zeW5jL0xpdGVyYXR1cmUvTWFydHlDaGVtbGFfMjAxNF9QaGFudG9tIHJlYWRpbmdzIFRoZSBjYXNlIG9mIG1vZGlmaWVkIG51bWVyYWxzLnBkZtIXCxgZV05TLmRhdGFPEQJiAAAAAAJiAAIAAAxNYWNpbnRvc2ggSEQAAAAAAAAAAAAAAAAAAADP1EbmSCsAAAAMe7UfTWFydHlDaGVtbGFfMjAxNF9QaGEjMjE1MzM5LnBkZgAAAAAAAAAAAAAAAAAAAAAAAAAAAAAAAAAAAAAAAAAAACFTOdAjwIYAAAAAAAAAAAAEAAUAAAkgAAAAAAAAAAAAAAAAAAAACkxpdGVyYXR1cmUAEAAIAADP1CrGAAAAEQAIAADQI6RmAAAAAQAYAAx7tQAMezsAC6hmAAq8iQAJPggAAmb5AAIAW01hY2ludG9zaCBIRDpVc2VyczoAbWljaGE6AERlc2t0b3A6AGRhdGE6AHN5bmM6AExpdGVyYXR1cmU6AE1hcnR5Q2hlbWxhXzIwMTRfUGhhIzIxNTMzOS5wZGYAAA4AiABDAE0AYQByAHQAeQBDAGgAZQBtAGwAYQBfADIAMAAxADQAXwBQAGgAYQBuAHQAbwBtACAAcgBlAGEAZABpAG4AZwBzACAAVABoAGUAIABjAGEAcwBlACAAbwBmACAAbQBvAGQAaQBmAGkAZQBkACAAbgB1AG0AZQByAGEAbABzAC4AcABkAGYADwAaAAwATQBhAGMAaQBuAHQAbwBzAGgAIABIAEQAEgBsVXNlcnMvbWljaGEvRGVza3RvcC9kYXRhL3N5bmMvTGl0ZXJhdHVyZS9NYXJ0eUNoZW1sYV8yMDE0X1BoYW50b20gcmVhZGluZ3MgVGhlIGNhc2Ugb2YgbW9kaWZpZWQgbnVtZXJhbHMucGRmABMAAS8AABUAAgAM//8AAIAG0hscHR5aJGNsYXNzbmFtZVgkY2xhc3Nlc11OU011dGFibGVEYXRhox0fIFZOU0RhdGFYTlNPYmplY3TSGxwiI1xOU0RpY3Rpb25hcnmiIiBfEA9OU0tleWVkQXJjaGl2ZXLRJidUcm9vdIABAAgAEQAaACMALQAyADcAQABGAE0AVQBgAGcAagBsAG4AcQBzAHUAdwCEAI4A/QECAQoDcANyA3cDggOLA5kDnQOkA60DsgO/A8ID1APXA9wAAAAAAAACAQAAAAAAAAAoAAAAAAAAAAAAAAAAAAAD3g==}}

@article{CliftonCarlsonFrazier2002,
	Author = {C. Clifton and K. Carlson and L. Frazier},
 	Journal = {Language and Speech},
	Pages = {87--114},
	Title = {Informative prosodic boundaries},
	Volume = {45},
	Year = {2002}}

@article{ChemlaSpector2010:Experimental-Ev,
	Author = {Emmanuel Chemla and Benjamin Spector},
	Date-Added = {2010-08-16 10:22:30 +0200},
	Date-Modified = {2012-01-25 11:35:32 +0100},
	Doi = {10.1093/jos/ffq023},
	Journal = {Journal of Semantics},
	Pages = {359--400},
	Title = {Experimental Evidence for Embedded Scalar Implicatures},
	Volume = {28},
	Year = {2011},
	Bdsk-File-1 = {YnBsaXN0MDDUAQIDBAUGJCVYJHZlcnNpb25YJG9iamVjdHNZJGFyY2hpdmVyVCR0b3ASAAGGoKgHCBMUFRYaIVUkbnVsbNMJCgsMDxJXTlMua2V5c1pOUy5vYmplY3RzViRjbGFzc6INDoACgAOiEBGABIAFgAdccmVsYXRpdmVQYXRoWWFsaWFzRGF0YV8Qdi4uLy4uLy4uLy4uL0Rlc2t0b3AvZGF0YS9zeW5jL0xpdGVyYXR1cmUvQ2hlbWxhU3BlY3Rvcl8yMDEwX0V4cGVyaW1lbnRhbCBFdmlkZW5jZSBmb3IgRW1iZWRkZWQgU2NhbGFyIEltcGxpY2F0dXJlcy5wZGbSFwsYGVdOUy5kYXRhTxECgAAAAAACgAACAAAMTWFjaW50b3NoIEhEAAAAAAAAAAAAAAAAAAAAz9RG5kgrAAAADHu1H0NoZW1sYVNwZWN0b3JfMjAxMF9FeCNDN0MzNy5wZGYAAAAAAAAAAAAAAAAAAAAAAAAAAAAAAAAAAAAAAAAAAAAMfDfInJDPAAAAAAAAAAAABAAFAAAJIAAAAAAAAAAAAAAAAAAAAApMaXRlcmF0dXJlABAACAAAz9QqxgAAABEACAAAyJx0rwAAAAEAGAAMe7UADHs7AAuoZgAKvIkACT4IAAJm+QACAFtNYWNpbnRvc2ggSEQ6VXNlcnM6AG1pY2hhOgBEZXNrdG9wOgBkYXRhOgBzeW5jOgBMaXRlcmF0dXJlOgBDaGVtbGFTcGVjdG9yXzIwMTBfRXgjQzdDMzcucGRmAAAOAJwATQBDAGgAZQBtAGwAYQBTAHAAZQBjAHQAbwByAF8AMgAwADEAMABfAEUAeABwAGUAcgBpAG0AZQBuAHQAYQBsACAARQB2AGkAZABlAG4AYwBlACAAZgBvAHIAIABFAG0AYgBlAGQAZABlAGQAIABTAGMAYQBsAGEAcgAgAEkAbQBwAGwAaQBjAGEAdAB1AHIAZQBzAC4AcABkAGYADwAaAAwATQBhAGMAaQBuAHQAbwBzAGgAIABIAEQAEgB2VXNlcnMvbWljaGEvRGVza3RvcC9kYXRhL3N5bmMvTGl0ZXJhdHVyZS9DaGVtbGFTcGVjdG9yXzIwMTBfRXhwZXJpbWVudGFsIEV2aWRlbmNlIGZvciBFbWJlZGRlZCBTY2FsYXIgSW1wbGljYXR1cmVzLnBkZgATAAEvAAAVAAIADP//AACABtIbHB0eWiRjbGFzc25hbWVYJGNsYXNzZXNdTlNNdXRhYmxlRGF0YaMdHyBWTlNEYXRhWE5TT2JqZWN00hscIiNcTlNEaWN0aW9uYXJ5oiIgXxAPTlNLZXllZEFyY2hpdmVy0SYnVHJvb3SAAQAIABEAGgAjAC0AMgA3AEAARgBNAFUAYABnAGoAbABuAHEAcwB1AHcAhACOAQcBDAEUA5gDmgOfA6oDswPBA8UDzAPVA9oD5wPqA/wD/wQEAAAAAAAAAgEAAAAAAAAAKAAAAAAAAAAAAAAAAAAABAY=},
	Bdsk-File-2 = {YnBsaXN0MDDUAQIDBAUGJCVYJHZlcnNpb25YJG9iamVjdHNZJGFyY2hpdmVyVCR0b3ASAAGGoKgHCBMUFRYaIVUkbnVsbNMJCgsMDxJXTlMua2V5c1pOUy5vYmplY3RzViRjbGFzc6INDoACgAOiEBGABIAFgAdccmVsYXRpdmVQYXRoWWFsaWFzRGF0YV8Qdi4uLy4uLy4uLy4uL0Rlc2t0b3AvZGF0YS9zeW5jL0xpdGVyYXR1cmUvQ2hlbWxhU3BlY3Rvcl8yMDExX0V4cGVyaW1lbnRhbCBFdmlkZW5jZSBmb3IgRW1iZWRkZWQgU2NhbGFyIEltcGxpY2F0dXJlcy5wZGbSFwsYGVdOUy5kYXRhTxECgAAAAAACgAACAAAMTWFjaW50b3NoIEhEAAAAAAAAAAAAAAAAAAAAz9RG5kgrAAAADHu1H0NoZW1sYVNwZWN0b3JfMjAxMV9FeCNDN0MzOC5wZGYAAAAAAAAAAAAAAAAAAAAAAAAAAAAAAAAAAAAAAAAAAAAMfDjLRZluAAAAAAAAAAAABAAFAAAJIAAAAAAAAAAAAAAAAAAAAApMaXRlcmF0dXJlABAACAAAz9QqxgAAABEACAAAy0WLXgAAAAEAGAAMe7UADHs7AAuoZgAKvIkACT4IAAJm+QACAFtNYWNpbnRvc2ggSEQ6VXNlcnM6AG1pY2hhOgBEZXNrdG9wOgBkYXRhOgBzeW5jOgBMaXRlcmF0dXJlOgBDaGVtbGFTcGVjdG9yXzIwMTFfRXgjQzdDMzgucGRmAAAOAJwATQBDAGgAZQBtAGwAYQBTAHAAZQBjAHQAbwByAF8AMgAwADEAMQBfAEUAeABwAGUAcgBpAG0AZQBuAHQAYQBsACAARQB2AGkAZABlAG4AYwBlACAAZgBvAHIAIABFAG0AYgBlAGQAZABlAGQAIABTAGMAYQBsAGEAcgAgAEkAbQBwAGwAaQBjAGEAdAB1AHIAZQBzAC4AcABkAGYADwAaAAwATQBhAGMAaQBuAHQAbwBzAGgAIABIAEQAEgB2VXNlcnMvbWljaGEvRGVza3RvcC9kYXRhL3N5bmMvTGl0ZXJhdHVyZS9DaGVtbGFTcGVjdG9yXzIwMTFfRXhwZXJpbWVudGFsIEV2aWRlbmNlIGZvciBFbWJlZGRlZCBTY2FsYXIgSW1wbGljYXR1cmVzLnBkZgATAAEvAAAVAAIADP//AACABtIbHB0eWiRjbGFzc25hbWVYJGNsYXNzZXNdTlNNdXRhYmxlRGF0YaMdHyBWTlNEYXRhWE5TT2JqZWN00hscIiNcTlNEaWN0aW9uYXJ5oiIgXxAPTlNLZXllZEFyY2hpdmVy0SYnVHJvb3SAAQAIABEAGgAjAC0AMgA3AEAARgBNAFUAYABnAGoAbABuAHEAcwB1AHcAhACOAQcBDAEUA5gDmgOfA6oDswPBA8UDzAPVA9oD5wPqA/wD/wQEAAAAAAAAAgEAAAAAAAAAKAAAAAAAAAAAAAAAAAAABAY=}}

@incollection{Horn2006:The-Border-Wars,
	Author = {Laurence R. Horn},
	Booktitle = {Where Semantics Meets Pragmatics},
	Date-Added = {2012-05-22 14:26:13 +0000},
	Date-Modified = {2012-05-22 14:28:39 +0000},
	Editor = {{\SortNoop{Heusinger}}von Heusinger, Klaus},
	Pages = {21--48},
	Series = {Current Research in the Semantics/Pragmatics Interface},
	Title = {The {B}order {W}ars: {A} {N}eo-{G}ricean Perspective},
	Volume = {16},
	Year = {2006},
	Bdsk-File-1 = {YnBsaXN0MDDUAQIDBAUGJCVYJHZlcnNpb25YJG9iamVjdHNZJGFyY2hpdmVyVCR0b3ASAAGGoKgHCBMUFRYaIVUkbnVsbNMJCgsMDxJXTlMua2V5c1pOUy5vYmplY3RzViRjbGFzc6INDoACgAOiEBGABIAFgAdccmVsYXRpdmVQYXRoWWFsaWFzRGF0YV8QYC4uLy4uLy4uLy4uL0Rlc2t0b3AvZGF0YS9zeW5jL0xpdGVyYXR1cmUvSG9ybl8yMDA2X1RoZSBCb3JkZXIgV2FycyBBIE5lby1HcmljZWFuIFBlcnNwZWN0aXZlLnBkZtIXCxgZV05TLmRhdGFPEQI+AAAAAAI+AAIAAAxNYWNpbnRvc2ggSEQAAAAAAAAAAAAAAAAAAADP1EbmSCsAAAAMe7UfSG9ybl8yMDA2X1RoZSBCb3JkZXIgI0M3RDM2LnBkZgAAAAAAAAAAAAAAAAAAAAAAAAAAAAAAAAAAAAAAAAAAAAx9NsviWt4AAAAAAAAAAAAEAAUAAAkgAAAAAAAAAAAAAAAAAAAACkxpdGVyYXR1cmUAEAAIAADP1CrGAAAAEQAIAADL4j6+AAAAAQAYAAx7tQAMezsAC6hmAAq8iQAJPggAAmb5AAIAW01hY2ludG9zaCBIRDpVc2VyczoAbWljaGE6AERlc2t0b3A6AGRhdGE6AHN5bmM6AExpdGVyYXR1cmU6AEhvcm5fMjAwNl9UaGUgQm9yZGVyICNDN0QzNi5wZGYAAA4AcAA3AEgAbwByAG4AXwAyADAAMAA2AF8AVABoAGUAIABCAG8AcgBkAGUAcgAgAFcAYQByAHMAIABBACAATgBlAG8ALQBHAHIAaQBjAGUAYQBuACAAUABlAHIAcwBwAGUAYwB0AGkAdgBlAC4AcABkAGYADwAaAAwATQBhAGMAaQBuAHQAbwBzAGgAIABIAEQAEgBgVXNlcnMvbWljaGEvRGVza3RvcC9kYXRhL3N5bmMvTGl0ZXJhdHVyZS9Ib3JuXzIwMDZfVGhlIEJvcmRlciBXYXJzIEEgTmVvLUdyaWNlYW4gUGVyc3BlY3RpdmUucGRmABMAAS8AABUAAgAM//8AAIAG0hscHR5aJGNsYXNzbmFtZVgkY2xhc3Nlc11OU011dGFibGVEYXRhox0fIFZOU0RhdGFYTlNPYmplY3TSGxwiI1xOU0RpY3Rpb25hcnmiIiBfEA9OU0tleWVkQXJjaGl2ZXLRJidUcm9vdIABAAgAEQAaACMALQAyADcAQABGAE0AVQBgAGcAagBsAG4AcQBzAHUAdwCEAI4A8QD2AP4DQANCA0cDUgNbA2kDbQN0A30DggOPA5IDpAOnA6wAAAAAAAACAQAAAAAAAAAoAAAAAAAAAAAAAAAAAAADrg==}}

@book{LeeWagenmakers2013:Bayesian-Cognit,
	Author = {Michael D. Lee and Eric-Jan Wagenmakers},
	Date-Added = {2013-08-12 08:41:39 +0000},
	Date-Modified = {2013-08-12 08:42:19 +0000},
	Publisher = {Cambridge University Press},
	Title = {Bayesian Cognitive Modeling: {A} Practical Course},
	Year = {to appear},
	Bdsk-File-1 = {YnBsaXN0MDDUAQIDBAUGJCVYJHZlcnNpb25YJG9iamVjdHNZJGFyY2hpdmVyVCR0b3ASAAGGoKgHCBMUFRYaIVUkbnVsbNMJCgsMDxJXTlMua2V5c1pOUy5vYmplY3RzViRjbGFzc6INDoACgAOiEBGABIAFgAdccmVsYXRpdmVQYXRoWWFsaWFzRGF0YV8Qby4uLy4uLy4uLy4uL0Rlc2t0b3AvZGF0YS9zeW5jL0xpdGVyYXR1cmUvTGVlV2FnZW5tYWtlcnNfMjAxM19CYXllc2lhbiBDb2duaXRpdmUgTW9kZWxpbmcgQSBQcmFjdGljYWwgQ291cnNlLnBkZtIXCxgZV05TLmRhdGFPEQJsAAAAAAJsAAIAAAxNYWNpbnRvc2ggSEQAAAAAAAAAAAAAAAAAAADP1EbmSCsAAAAMe7UfTGVlV2FnZW5tYWtlcnNfMjAxM19CI0M3REFCLnBkZgAAAAAAAAAAAAAAAAAAAAAAAAAAAAAAAAAAAAAAAAAAAAx9q84prVgAAAAAAAAAAAAEAAUAAAkgAAAAAAAAAAAAAAAAAAAACkxpdGVyYXR1cmUAEAAIAADP1CrGAAAAEQAIAADOKZE4AAAAAQAYAAx7tQAMezsAC6hmAAq8iQAJPggAAmb5AAIAW01hY2ludG9zaCBIRDpVc2VyczoAbWljaGE6AERlc2t0b3A6AGRhdGE6AHN5bmM6AExpdGVyYXR1cmU6AExlZVdhZ2VubWFrZXJzXzIwMTNfQiNDN0RBQi5wZGYAAA4AjgBGAEwAZQBlAFcAYQBnAGUAbgBtAGEAawBlAHIAcwBfADIAMAAxADMAXwBCAGEAeQBlAHMAaQBhAG4AIABDAG8AZwBuAGkAdABpAHYAZQAgAE0AbwBkAGUAbABpAG4AZwAgAEEAIABQAHIAYQBjAHQAaQBjAGEAbAAgAEMAbwB1AHIAcwBlAC4AcABkAGYADwAaAAwATQBhAGMAaQBuAHQAbwBzAGgAIABIAEQAEgBvVXNlcnMvbWljaGEvRGVza3RvcC9kYXRhL3N5bmMvTGl0ZXJhdHVyZS9MZWVXYWdlbm1ha2Vyc18yMDEzX0JheWVzaWFuIENvZ25pdGl2ZSBNb2RlbGluZyBBIFByYWN0aWNhbCBDb3Vyc2UucGRmAAATAAEvAAAVAAIADP//AACABtIbHB0eWiRjbGFzc25hbWVYJGNsYXNzZXNdTlNNdXRhYmxlRGF0YaMdHyBWTlNEYXRhWE5TT2JqZWN00hscIiNcTlNEaWN0aW9uYXJ5oiIgXxAPTlNLZXllZEFyY2hpdmVy0SYnVHJvb3SAAQAIABEAGgAjAC0AMgA3AEAARgBNAFUAYABnAGoAbABuAHEAcwB1AHcAhACOAQABBQENA30DfwOEA48DmAOmA6oDsQO6A78DzAPPA+ED5APpAAAAAAAAAgEAAAAAAAAAKAAAAAAAAAAAAAAAAAAAA+s=},
	Bdsk-File-2 = {YnBsaXN0MDDUAQIDBAUGJCVYJHZlcnNpb25YJG9iamVjdHNZJGFyY2hpdmVyVCR0b3ASAAGGoKgHCBMUFRYaIVUkbnVsbNMJCgsMDxJXTlMua2V5c1pOUy5vYmplY3RzViRjbGFzc6INDoACgAOiEBGABIAFgAdccmVsYXRpdmVQYXRoWWFsaWFzRGF0YV8QcC4uLy4uLy4uLy4uL0Rlc2t0b3AvZGF0YS9zeW5jL0xpdGVyYXR1cmUvTGVlV2FnZW5tYWtlcnNfMjAxM19CYXllc2lhbiBDb2duaXRpdmUgTW9kZWxpbmcgQSBQcmFjdGljYWwgQ291cnNlYS5wZGbSFwsYGVdOUy5kYXRhTxECbgAAAAACbgACAAAMTWFjaW50b3NoIEhEAAAAAAAAAAAAAAAAAAAAz9RG5kgrAAAADHu1H0xlZVdhZ2VubWFrZXJzXzIwMTNfQiNDN0RBQy5wZGYAAAAAAAAAAAAAAAAAAAAAAAAAAAAAAAAAAAAAAAAAAAAMfazOLm0FAAAAAAAAAAAABAAFAAAJIAAAAAAAAAAAAAAAAAAAAApMaXRlcmF0dXJlABAACAAAz9QqxgAAABEACAAAzi5Q5QAAAAEAGAAMe7UADHs7AAuoZgAKvIkACT4IAAJm+QACAFtNYWNpbnRvc2ggSEQ6VXNlcnM6AG1pY2hhOgBEZXNrdG9wOgBkYXRhOgBzeW5jOgBMaXRlcmF0dXJlOgBMZWVXYWdlbm1ha2Vyc18yMDEzX0IjQzdEQUMucGRmAAAOAJAARwBMAGUAZQBXAGEAZwBlAG4AbQBhAGsAZQByAHMAXwAyADAAMQAzAF8AQgBhAHkAZQBzAGkAYQBuACAAQwBvAGcAbgBpAHQAaQB2AGUAIABNAG8AZABlAGwAaQBuAGcAIABBACAAUAByAGEAYwB0AGkAYwBhAGwAIABDAG8AdQByAHMAZQBhAC4AcABkAGYADwAaAAwATQBhAGMAaQBuAHQAbwBzAGgAIABIAEQAEgBwVXNlcnMvbWljaGEvRGVza3RvcC9kYXRhL3N5bmMvTGl0ZXJhdHVyZS9MZWVXYWdlbm1ha2Vyc18yMDEzX0JheWVzaWFuIENvZ25pdGl2ZSBNb2RlbGluZyBBIFByYWN0aWNhbCBDb3Vyc2VhLnBkZgATAAEvAAAVAAIADP//AACABtIbHB0eWiRjbGFzc25hbWVYJGNsYXNzZXNdTlNNdXRhYmxlRGF0YaMdHyBWTlNEYXRhWE5TT2JqZWN00hscIiNcTlNEaWN0aW9uYXJ5oiIgXxAPTlNLZXllZEFyY2hpdmVy0SYnVHJvb3SAAQAIABEAGgAjAC0AMgA3AEAARgBNAFUAYABnAGoAbABuAHEAcwB1AHcAhACOAQEBBgEOA4ADggOHA5IDmwOpA60DtAO9A8IDzwPSA+QD5wPsAAAAAAAAAgEAAAAAAAAAKAAAAAAAAAAAAAAAAAAAA+4=}}

@article{Franke2011:Quantity-Implic,
	Author = {Michael Franke},
	Date-Added = {2010-11-02 10:55:05 +0100},
	Date-Modified = {2011-06-21 15:29:34 +0200},
	Doi = {doi:10.3765/sp.4.1},
	Journal = {Semantics \& Pragmatics},
	Keywords = {quantity implicatures, exhaustive interpretation, signaling games, game theoretic pragmatics},
	Number = {1},
	Pages = {1--82},
	Title = {Quantity Implicatures, Exhaustive Interpretation, and Rational Conversation},
	Volume = {4},
	Year = {2011},
	Bdsk-File-1 = {YnBsaXN0MDDUAQIDBAUGJCVYJHZlcnNpb25YJG9iamVjdHNZJGFyY2hpdmVyVCR0b3ASAAGGoKgHCBMUFRYaIVUkbnVsbNMJCgsMDxJXTlMua2V5c1pOUy5vYmplY3RzViRjbGFzc6INDoACgAOiEBGABIAFgAdccmVsYXRpdmVQYXRoWWFsaWFzRGF0YV8QhC4uLy4uLy4uLy4uL0Rlc2t0b3AvZGF0YS9zeW5jL0xpdGVyYXR1cmUvRnJhbmtlXzIwMTFfUXVhbnRpdHkgSW1wbGljYXR1cmVzLCBFeGhhdXN0aXZlIEludGVycHJldGF0aW9uLCBhbmQgUmF0aW9uYWwgQ29udmVyc2F0aW9uLnBkZtIXCxgZV05TLmRhdGFPEQKqAAAAAAKqAAIAAAxNYWNpbnRvc2ggSEQAAAAAAAAAAAAAAAAAAADP1EbmSCsAAAAMe7UfRnJhbmtlXzIwMTFfUXVhbnRpdHkgI0M3Q0FBLnBkZgAAAAAAAAAAAAAAAAAAAAAAAAAAAAAAAAAAAAAAAAAAAAx8qsomrIAAAAAAAAAAAAAEAAUAAAkgAAAAAAAAAAAAAAAAAAAACkxpdGVyYXR1cmUAEAAIAADP1CrGAAAAEQAIAADKJpBgAAAAAQAYAAx7tQAMezsAC6hmAAq8iQAJPggAAmb5AAIAW01hY2ludG9zaCBIRDpVc2VyczoAbWljaGE6AERlc2t0b3A6AGRhdGE6AHN5bmM6AExpdGVyYXR1cmU6AEZyYW5rZV8yMDExX1F1YW50aXR5ICNDN0NBQS5wZGYAAA4AuABbAEYAcgBhAG4AawBlAF8AMgAwADEAMQBfAFEAdQBhAG4AdABpAHQAeQAgAEkAbQBwAGwAaQBjAGEAdAB1AHIAZQBzACwAIABFAHgAaABhAHUAcwB0AGkAdgBlACAASQBuAHQAZQByAHAAcgBlAHQAYQB0AGkAbwBuACwAIABhAG4AZAAgAFIAYQB0AGkAbwBuAGEAbAAgAEMAbwBuAHYAZQByAHMAYQB0AGkAbwBuAC4AcABkAGYADwAaAAwATQBhAGMAaQBuAHQAbwBzAGgAIABIAEQAEgCEVXNlcnMvbWljaGEvRGVza3RvcC9kYXRhL3N5bmMvTGl0ZXJhdHVyZS9GcmFua2VfMjAxMV9RdWFudGl0eSBJbXBsaWNhdHVyZXMsIEV4aGF1c3RpdmUgSW50ZXJwcmV0YXRpb24sIGFuZCBSYXRpb25hbCBDb252ZXJzYXRpb24ucGRmABMAAS8AABUAAgAM//8AAIAG0hscHR5aJGNsYXNzbmFtZVgkY2xhc3Nlc11OU011dGFibGVEYXRhox0fIFZOU0RhdGFYTlNPYmplY3TSGxwiI1xOU0RpY3Rpb25hcnmiIiBfEA9OU0tleWVkQXJjaGl2ZXLRJidUcm9vdIABAAgAEQAaACMALQAyADcAQABGAE0AVQBgAGcAagBsAG4AcQBzAHUAdwCEAI4BFQEaASID0APSA9cD4gPrA/kD/QQEBA0EEgQfBCIENAQ3BDwAAAAAAAACAQAAAAAAAAAoAAAAAAAAAAAAAAAAAAAEPg==}}

@article{Chierchia2006:Broaden-Your-Vi,
	Author = {Gennaro Chierchia},
	Date-Added = {2012-05-18 11:37:52 +0000},
	Date-Modified = {2012-05-18 11:40:10 +0000},
	Doi = {10.1162/ling.2006.37.4.535},
	Journal = {Linguistic Inquiry},
	Number = {4},
	Pages = {535--590},
	Title = {Broaden Your Views: {I}mplicatures of Domain Widening and the Syntax/Pragmatics Interface},
	Volume = {37},
	Year = {2006},
	Bdsk-File-1 = {YnBsaXN0MDDUAQIDBAUGJCVYJHZlcnNpb25YJG9iamVjdHNZJGFyY2hpdmVyVCR0b3ASAAGGoKgHCBMUFRYaIVUkbnVsbNMJCgsMDxJXTlMua2V5c1pOUy5vYmplY3RzViRjbGFzc6INDoACgAOiEBGABIAFgAdccmVsYXRpdmVQYXRoWWFsaWFzRGF0YV8QiC4uLy4uLy4uLy4uL0Rlc2t0b3AvZGF0YS9zeW5jL0xpdGVyYXR1cmUvQ2hpZXJjaGlhXzIwMDZfQnJvYWRlbiBZb3VyIFZpZXdzIEltcGxpY2F0dXJlcyBvZiBEb21haW4gV2lkZW5pbmcgYW5kIHRoZSBTeW50YXgtUHJhZ21hdGljcy5wZGbSFwsYGVdOUy5kYXRhTxECtgAAAAACtgACAAAMTWFjaW50b3NoIEhEAAAAAAAAAAAAAAAAAAAAz9RG5kgrAAAADHu1H0NoaWVyY2hpYV8yMDA2X0Jyb2FkZSNDN0M0My5wZGYAAAAAAAAAAAAAAAAAAAAAAAAAAAAAAAAAAAAAAAAAAAAMfEPL3AHLAAAAAAAAAAAABAAFAAAJIAAAAAAAAAAAAAAAAAAAAApMaXRlcmF0dXJlABAACAAAz9QqxgAAABEACAAAy9vlqwAAAAEAGAAMe7UADHs7AAuoZgAKvIkACT4IAAJm+QACAFtNYWNpbnRvc2ggSEQ6VXNlcnM6AG1pY2hhOgBEZXNrdG9wOgBkYXRhOgBzeW5jOgBMaXRlcmF0dXJlOgBDaGllcmNoaWFfMjAwNl9Ccm9hZGUjQzdDNDMucGRmAAAOAMAAXwBDAGgAaQBlAHIAYwBoAGkAYQBfADIAMAAwADYAXwBCAHIAbwBhAGQAZQBuACAAWQBvAHUAcgAgAFYAaQBlAHcAcwAgAEkAbQBwAGwAaQBjAGEAdAB1AHIAZQBzACAAbwBmACAARABvAG0AYQBpAG4AIABXAGkAZABlAG4AaQBuAGcAIABhAG4AZAAgAHQAaABlACAAUwB5AG4AdABhAHgALQBQAHIAYQBnAG0AYQB0AGkAYwBzAC4AcABkAGYADwAaAAwATQBhAGMAaQBuAHQAbwBzAGgAIABIAEQAEgCIVXNlcnMvbWljaGEvRGVza3RvcC9kYXRhL3N5bmMvTGl0ZXJhdHVyZS9DaGllcmNoaWFfMjAwNl9Ccm9hZGVuIFlvdXIgVmlld3MgSW1wbGljYXR1cmVzIG9mIERvbWFpbiBXaWRlbmluZyBhbmQgdGhlIFN5bnRheC1QcmFnbWF0aWNzLnBkZgATAAEvAAAVAAIADP//AACABtIbHB0eWiRjbGFzc25hbWVYJGNsYXNzZXNdTlNNdXRhYmxlRGF0YaMdHyBWTlNEYXRhWE5TT2JqZWN00hscIiNcTlNEaWN0aW9uYXJ5oiIgXxAPTlNLZXllZEFyY2hpdmVy0SYnVHJvb3SAAQAIABEAGgAjAC0AMgA3AEAARgBNAFUAYABnAGoAbABuAHEAcwB1AHcAhACOARkBHgEmA+AD4gPnA/ID+wQJBA0EFAQdBCIELwQyBEQERwRMAAAAAAAAAgEAAAAAAAAAKAAAAAAAAAAAAAAAAAAABE4=}}

@article{Schulz2005:A-Pragmatic-Sol,
	Author = {Katrin Schulz},
	Date-Added = {2008-06-16 13:15:37 +0200},
	Date-Modified = {2011-01-24 18:05:52 +0100},
	Doi = {doi:10.1007/s11229-005-1353-y},
	Journal = {Synthese},
	Local-Url = {file://localhost/Users/micha/Desktop/data/sync/Literature/Schulz_2005_A%20Pragmatic%20Solution%20for%20the%20Paradox%20of%20Free%20Choice%20Permission.pdf},
	Pages = {343--377},
	Title = {A Pragmatic Solution for the Paradox of Free Choice Permission},
	Volume = {147},
	Year = {2005},
	Bdsk-File-1 = {YnBsaXN0MDDUAQIDBAUGJCVYJHZlcnNpb25YJG9iamVjdHNZJGFyY2hpdmVyVCR0b3ASAAGGoKgHCBMUFRYaIVUkbnVsbNMJCgsMDxJXTlMua2V5c1pOUy5vYmplY3RzViRjbGFzc6INDoACgAOiEBGABIAFgAdccmVsYXRpdmVQYXRoWWFsaWFzRGF0YV8Qdy4uLy4uLy4uLy4uL0Rlc2t0b3AvZGF0YS9zeW5jL0xpdGVyYXR1cmUvU2NodWx6XzIwMDVfQSBQcmFnbWF0aWMgU29sdXRpb24gZm9yIHRoZSBQYXJhZG94IG9mIEZyZWUgQ2hvaWNlIFBlcm1pc3Npb24ucGRm0hcLGBlXTlMuZGF0YU8RAoQAAAAAAoQAAgAADE1hY2ludG9zaCBIRAAAAAAAAAAAAAAAAAAAAM/URuZIKwAAAAx7tR9TY2h1bHpfMjAwNV9BIFByYWdtYXQjQzdGOTAucGRmAAAAAAAAAAAAAAAAAAAAAAAAAAAAAAAAAAAAAAAAAAAADH+QxH00LwAAAAAAAAAAAAQABQAACSAAAAAAAAAAAAAAAAAAAAAKTGl0ZXJhdHVyZQAQAAgAAM/UKsYAAAARAAgAAMR9GA8AAAABABgADHu1AAx7OwALqGYACryJAAk+CAACZvkAAgBbTWFjaW50b3NoIEhEOlVzZXJzOgBtaWNoYToARGVza3RvcDoAZGF0YToAc3luYzoATGl0ZXJhdHVyZToAU2NodWx6XzIwMDVfQSBQcmFnbWF0I0M3RjkwLnBkZgAADgCeAE4AUwBjAGgAdQBsAHoAXwAyADAAMAA1AF8AQQAgAFAAcgBhAGcAbQBhAHQAaQBjACAAUwBvAGwAdQB0AGkAbwBuACAAZgBvAHIAIAB0AGgAZQAgAFAAYQByAGEAZABvAHgAIABvAGYAIABGAHIAZQBlACAAQwBoAG8AaQBjAGUAIABQAGUAcgBtAGkAcwBzAGkAbwBuAC4AcABkAGYADwAaAAwATQBhAGMAaQBuAHQAbwBzAGgAIABIAEQAEgB3VXNlcnMvbWljaGEvRGVza3RvcC9kYXRhL3N5bmMvTGl0ZXJhdHVyZS9TY2h1bHpfMjAwNV9BIFByYWdtYXRpYyBTb2x1dGlvbiBmb3IgdGhlIFBhcmFkb3ggb2YgRnJlZSBDaG9pY2UgUGVybWlzc2lvbi5wZGYAABMAAS8AABUAAgAM//8AAIAG0hscHR5aJGNsYXNzbmFtZVgkY2xhc3Nlc11OU011dGFibGVEYXRhox0fIFZOU0RhdGFYTlNPYmplY3TSGxwiI1xOU0RpY3Rpb25hcnmiIiBfEA9OU0tleWVkQXJjaGl2ZXLRJidUcm9vdIABAAgAEQAaACMALQAyADcAQABGAE0AVQBgAGcAagBsAG4AcQBzAHUAdwCEAI4BCAENARUDnQOfA6QDrwO4A8YDygPRA9oD3wPsA+8EAQQEBAkAAAAAAAACAQAAAAAAAAAoAAAAAAAAAAAAAAAAAAAECw==}}

@article{GualminiHulsey2008:The-Question-An,
	Author = {Andrea Gualmini and Sarah Hulsey and Valentine Hacquard and Danny Fox},
	Date-Added = {2014-05-15 09:53:19 +0000},
	Date-Modified = {2014-05-15 09:54:21 +0000},
	Journal = {Natural Language Semantics},
	Pages = {205--237},
	Title = {The Question-Answer Requirement and Scope Assignment},
	Volume = {16},
	Year = {2008}}

@phdthesis{Tielvan-Tiel2014:Quantity-Matter,
	Author = {{\SortNoop{Tiel}}{van Tiel}, Bob},
	Date-Added = {2014-01-03 06:46:02 +0000},
	Date-Modified = {2014-01-03 06:47:07 +0000},
	School = {Radboud Universiteit Nijmegen},
	Title = {Quantity Matters: {I}mplicatures, Typicality, and Truth},
	Year = {2014},
	Bdsk-File-1 = {YnBsaXN0MDDUAQIDBAUGJCVYJHZlcnNpb25YJG9iamVjdHNZJGFyY2hpdmVyVCR0b3ASAAGGoKgHCBMUFRYaIVUkbnVsbNMJCgsMDxJXTlMua2V5c1pOUy5vYmplY3RzViRjbGFzc6INDoACgAOiEBGABIAFgAdccmVsYXRpdmVQYXRoWWFsaWFzRGF0YV8Qcy4uLy4uLy4uLy4uL0Rlc2t0b3AvZGF0YS9zeW5jL0xpdGVyYXR1cmUvVGllbHZhbiBUaWVsXzIwMTRfUXVhbnRpdHkgTWF0dGVycyBJbXBsaWNhdHVyZXMsIFR5cGljYWxpdHksIGFuZCBUcnV0aC5wZGbSFwsYGVdOUy5kYXRhTxECeAAAAAACeAACAAAMTWFjaW50b3NoIEhEAAAAAAAAAAAAAAAAAAAAz9RG5kgrAAAADHu1H1RpZWx2YW4gVGllbF8yMDE0X1F1YSNDN0ZGOC5wZGYAAAAAAAAAAAAAAAAAAAAAAAAAAAAAAAAAAAAAAAAAAAAMf/jO3PqqAAAAAAAAAAAABAAFAAAJIAAAAAAAAAAAAAAAAAAAAApMaXRlcmF0dXJlABAACAAAz9QqxgAAABEACAAAztzsmgAAAAEAGAAMe7UADHs7AAuoZgAKvIkACT4IAAJm+QACAFtNYWNpbnRvc2ggSEQ6VXNlcnM6AG1pY2hhOgBEZXNrdG9wOgBkYXRhOgBzeW5jOgBMaXRlcmF0dXJlOgBUaWVsdmFuIFRpZWxfMjAxNF9RdWEjQzdGRjgucGRmAAAOAJYASgBUAGkAZQBsAHYAYQBuACAAVABpAGUAbABfADIAMAAxADQAXwBRAHUAYQBuAHQAaQB0AHkAIABNAGEAdAB0AGUAcgBzACAASQBtAHAAbABpAGMAYQB0AHUAcgBlAHMALAAgAFQAeQBwAGkAYwBhAGwAaQB0AHkALAAgAGEAbgBkACAAVAByAHUAdABoAC4AcABkAGYADwAaAAwATQBhAGMAaQBuAHQAbwBzAGgAIABIAEQAEgBzVXNlcnMvbWljaGEvRGVza3RvcC9kYXRhL3N5bmMvTGl0ZXJhdHVyZS9UaWVsdmFuIFRpZWxfMjAxNF9RdWFudGl0eSBNYXR0ZXJzIEltcGxpY2F0dXJlcywgVHlwaWNhbGl0eSwgYW5kIFRydXRoLnBkZgAAEwABLwAAFQACAAz//wAAgAbSGxwdHlokY2xhc3NuYW1lWCRjbGFzc2VzXU5TTXV0YWJsZURhdGGjHR8gVk5TRGF0YVhOU09iamVjdNIbHCIjXE5TRGljdGlvbmFyeaIiIF8QD05TS2V5ZWRBcmNoaXZlctEmJ1Ryb290gAEACAARABoAIwAtADIANwBAAEYATQBVAGAAZwBqAGwAbgBxAHMAdQB3AIQAjgEEAQkBEQONA48DlAOfA6gDtgO6A8EDygPPA9wD3wPxA/QD+QAAAAAAAAIBAAAAAAAAACgAAAAAAAAAAAAAAAAAAAP7},
	Bdsk-File-2 = {YnBsaXN0MDDUAQIDBAUGJCVYJHZlcnNpb25YJG9iamVjdHNZJGFyY2hpdmVyVCR0b3ASAAGGoKgHCBMUFRYaIVUkbnVsbNMJCgsMDxJXTlMua2V5c1pOUy5vYmplY3RzViRjbGFzc6INDoACgAOiEBGABIAFgAdccmVsYXRpdmVQYXRoWWFsaWFzRGF0YV8QdC4uLy4uLy4uLy4uL0Rlc2t0b3AvZGF0YS9zeW5jL0xpdGVyYXR1cmUvVGllbHZhbiBUaWVsXzIwMTRfUXVhbnRpdHkgTWF0dGVycyBJbXBsaWNhdHVyZXMsIFR5cGljYWxpdHksIGFuZCBUcnV0aGEucGRm0hcLGBlXTlMuZGF0YU8RAnoAAAAAAnoAAgAADE1hY2ludG9zaCBIRAAAAAAAAAAAAAAAAAAAAM/URuZIKwAAAAx7tR9UaWVsdmFuIFRpZWxfMjAxNF9RdWEjQzdGRjkucGRmAAAAAAAAAAAAAAAAAAAAAAAAAAAAAAAAAAAAAAAAAAAADH/5z6AMgwAAAAAAAAAAAAQABQAACSAAAAAAAAAAAAAAAAAAAAAKTGl0ZXJhdHVyZQAQAAgAAM/UKsYAAAARAAgAAM+f8GMAAAABABgADHu1AAx7OwALqGYACryJAAk+CAACZvkAAgBbTWFjaW50b3NoIEhEOlVzZXJzOgBtaWNoYToARGVza3RvcDoAZGF0YToAc3luYzoATGl0ZXJhdHVyZToAVGllbHZhbiBUaWVsXzIwMTRfUXVhI0M3RkY5LnBkZgAADgCYAEsAVABpAGUAbAB2AGEAbgAgAFQAaQBlAGwAXwAyADAAMQA0AF8AUQB1AGEAbgB0AGkAdAB5ACAATQBhAHQAdABlAHIAcwAgAEkAbQBwAGwAaQBjAGEAdAB1AHIAZQBzACwAIABUAHkAcABpAGMAYQBsAGkAdAB5ACwAIABhAG4AZAAgAFQAcgB1AHQAaABhAC4AcABkAGYADwAaAAwATQBhAGMAaQBuAHQAbwBzAGgAIABIAEQAEgB0VXNlcnMvbWljaGEvRGVza3RvcC9kYXRhL3N5bmMvTGl0ZXJhdHVyZS9UaWVsdmFuIFRpZWxfMjAxNF9RdWFudGl0eSBNYXR0ZXJzIEltcGxpY2F0dXJlcywgVHlwaWNhbGl0eSwgYW5kIFRydXRoYS5wZGYAEwABLwAAFQACAAz//wAAgAbSGxwdHlokY2xhc3NuYW1lWCRjbGFzc2VzXU5TTXV0YWJsZURhdGGjHR8gVk5TRGF0YVhOU09iamVjdNIbHCIjXE5TRGljdGlvbmFyeaIiIF8QD05TS2V5ZWRBcmNoaXZlctEmJ1Ryb290gAEACAARABoAIwAtADIANwBAAEYATQBVAGAAZwBqAGwAbgBxAHMAdQB3AIQAjgEFAQoBEgOQA5IDlwOiA6sDuQO9A8QDzQPSA98D4gP0A/cD/AAAAAAAAAIBAAAAAAAAACgAAAAAAAAAAAAAAAAAAAP+}}

@inproceedings{Augurzky08,
	Address = {University of Athens},
	Author = {P. Augurzky},
	Booktitle = {Proceedings of the ISCA Tutorial and and Research Workshop on Experimental Linguistics},
	Editor = {A. Botinis},
	Pages = {33--36},
	Title = {Prosodic phrasing in German sentence production: Optimal length vs. argument structure.},
	Year = {2008}}

@book{Gazdar1979:Pragmatics:-Imp,
	Address = {New York},
	Author = {Gerald Gazdar},
	Date-Added = {2008-06-18 11:05:48 +0200},
	Date-Modified = {2008-06-18 11:08:38 +0200},
	Publisher = {Academic Press},
	Title = {Pragmatics: Implicature, Presupposition, and Logical Form},
	Year = {1979}}

@inproceedings{Frazier08,
	Address = {Ithaca, NY: Cornell University},
	Author = {Lyn Frazier},
	Booktitle = {Proceedings of SALT 18},
	Editor = {Lyn Frazier and Tova Friedman and S. Ito},
	Pages = {319--339},
	Title = {Computing Scalar Implicatures},
	Year = {2008}}

@article{Chemla2009:Presuppositions,
	Author = {Emmanuel Chemla},
	Date-Added = {2012-05-24 07:27:16 +0000},
	Date-Modified = {2012-05-24 07:28:16 +0000},
	Doi = {10.1007/s11050-009-9043-9},
	Journal = {Natural Language Semantics},
	Number = {4},
	Pages = {299--340},
	Title = {Presuppositions of Quantified Sentences: {E}xperimental Data},
	Volume = {17},
	Year = {2009},
	Bdsk-File-1 = {YnBsaXN0MDDUAQIDBAUGJCVYJHZlcnNpb25YJG9iamVjdHNZJGFyY2hpdmVyVCR0b3ASAAGGoKgHCBMUFRYaIVUkbnVsbNMJCgsMDxJXTlMua2V5c1pOUy5vYmplY3RzViRjbGFzc6INDoACgAOiEBGABIAFgAdccmVsYXRpdmVQYXRoWWFsaWFzRGF0YV8Qci4uLy4uLy4uLy4uL0Rlc2t0b3AvZGF0YS9zeW5jL0xpdGVyYXR1cmUvQ2hlbWxhXzIwMDlfUHJlc3VwcG9zaXRpb25zIG9mIFF1YW50aWZpZWQgU2VudGVuY2VzIEV4cGVyaW1lbnRhbCBEYXRhLnBkZtIXCxgZV05TLmRhdGFPEQJ0AAAAAAJ0AAIAAAxNYWNpbnRvc2ggSEQAAAAAAAAAAAAAAAAAAADP1EbmSCsAAAAMe7UfQ2hlbWxhXzIwMDlfUHJlc3VwcG9zI0M3QzNCLnBkZgAAAAAAAAAAAAAAAAAAAAAAAAAAAAAAAAAAAAAAAAAAAAx8O8vjr6kAAAAAAAAAAAAEAAUAAAkgAAAAAAAAAAAAAAAAAAAACkxpdGVyYXR1cmUAEAAIAADP1CrGAAAAEQAIAADL45OJAAAAAQAYAAx7tQAMezsAC6hmAAq8iQAJPggAAmb5AAIAW01hY2ludG9zaCBIRDpVc2VyczoAbWljaGE6AERlc2t0b3A6AGRhdGE6AHN5bmM6AExpdGVyYXR1cmU6AENoZW1sYV8yMDA5X1ByZXN1cHBvcyNDN0MzQi5wZGYAAA4AlABJAEMAaABlAG0AbABhAF8AMgAwADAAOQBfAFAAcgBlAHMAdQBwAHAAbwBzAGkAdABpAG8AbgBzACAAbwBmACAAUQB1AGEAbgB0AGkAZgBpAGUAZAAgAFMAZQBuAHQAZQBuAGMAZQBzACAARQB4AHAAZQByAGkAbQBlAG4AdABhAGwAIABEAGEAdABhAC4AcABkAGYADwAaAAwATQBhAGMAaQBuAHQAbwBzAGgAIABIAEQAEgByVXNlcnMvbWljaGEvRGVza3RvcC9kYXRhL3N5bmMvTGl0ZXJhdHVyZS9DaGVtbGFfMjAwOV9QcmVzdXBwb3NpdGlvbnMgb2YgUXVhbnRpZmllZCBTZW50ZW5jZXMgRXhwZXJpbWVudGFsIERhdGEucGRmABMAAS8AABUAAgAM//8AAIAG0hscHR5aJGNsYXNzbmFtZVgkY2xhc3Nlc11OU011dGFibGVEYXRhox0fIFZOU0RhdGFYTlNPYmplY3TSGxwiI1xOU0RpY3Rpb25hcnmiIiBfEA9OU0tleWVkQXJjaGl2ZXLRJidUcm9vdIABAAgAEQAaACMALQAyADcAQABGAE0AVQBgAGcAagBsAG4AcQBzAHUAdwCEAI4BAwEIARADiAOKA48DmgOjA7EDtQO8A8UDygPXA9oD7APvA/QAAAAAAAACAQAAAAAAAAAoAAAAAAAAAAAAAAAAAAAD9g==}}

@book{Crawley2007:The-R-Book,
	Address = {West Sussex},
	Author = {Michael J. Crawley},
	Date-Added = {2014-05-20 14:26:34 +0000},
	Date-Modified = {2014-05-20 14:27:37 +0000},
	Publisher = {Wiley},
	Title = {The {R} Book},
	Year = {2007}}

@incollection{AtlasLevinson1981,
	Author = {Jay David Atlas and Stephen Levinson},
	Booktitle = {Radical Pragmatics},
	Date-Modified = {2008-09-15 10:29:43 +0200},
	Editor = {Peter Cole},
	Pages = {1--61},
	Publisher = {Academic Press},
	Title = {It-clefts, Informativeness, and Logical Form},
	Year = {1981}}

@article{Sauerland2004:Scalar-Implicat,
	Author = {Uli Sauerland},
	Date-Added = {2008-06-16 13:14:03 +0200},
	Date-Modified = {2011-01-24 22:27:52 +0100},
	Doi = {10.1023/B:LING.0000023378.71748.db},
	Journal = {Linguistics and Philosophy},
	Local-Url = {file://localhost/Users/micha/Desktop/data/sync/Literature/Sauerland_2004_Scalar%20Implicatures%20in%20Complex%20Sentences.pdf},
	Pages = {367--391},
	Title = {Scalar Implicatures in Complex Sentences},
	Volume = {27},
	Year = {2004},
	Bdsk-File-1 = {YnBsaXN0MDDUAQIDBAUGJCVYJHZlcnNpb25YJG9iamVjdHNZJGFyY2hpdmVyVCR0b3ASAAGGoKgHCBMUFRYaIVUkbnVsbNMJCgsMDxJXTlMua2V5c1pOUy5vYmplY3RzViRjbGFzc6INDoACgAOiEBGABIAFgAdccmVsYXRpdmVQYXRoWWFsaWFzRGF0YV8QZC4uLy4uLy4uLy4uL0Rlc2t0b3AvZGF0YS9zeW5jL0xpdGVyYXR1cmUvU2F1ZXJsYW5kXzIwMDRfU2NhbGFyIEltcGxpY2F0dXJlcyBpbiBDb21wbGV4IFNlbnRlbmNlcy5wZGbSFwsYGVdOUy5kYXRhTxECSgAAAAACSgACAAAMTWFjaW50b3NoIEhEAAAAAAAAAAAAAAAAAAAAz9RG5kgrAAAADHu1H1NhdWVybGFuZF8yMDA0X1NjYWxhciNDN0Y3Ri5wZGYAAAAAAAAAAAAAAAAAAAAAAAAAAAAAAAAAAAAAAAAAAAAMf3/EfTQvAAAAAAAAAAAABAAFAAAJIAAAAAAAAAAAAAAAAAAAAApMaXRlcmF0dXJlABAACAAAz9QqxgAAABEACAAAxH0YDwAAAAEAGAAMe7UADHs7AAuoZgAKvIkACT4IAAJm+QACAFtNYWNpbnRvc2ggSEQ6VXNlcnM6AG1pY2hhOgBEZXNrdG9wOgBkYXRhOgBzeW5jOgBMaXRlcmF0dXJlOgBTYXVlcmxhbmRfMjAwNF9TY2FsYXIjQzdGN0YucGRmAAAOAHgAOwBTAGEAdQBlAHIAbABhAG4AZABfADIAMAAwADQAXwBTAGMAYQBsAGEAcgAgAEkAbQBwAGwAaQBjAGEAdAB1AHIAZQBzACAAaQBuACAAQwBvAG0AcABsAGUAeAAgAFMAZQBuAHQAZQBuAGMAZQBzAC4AcABkAGYADwAaAAwATQBhAGMAaQBuAHQAbwBzAGgAIABIAEQAEgBkVXNlcnMvbWljaGEvRGVza3RvcC9kYXRhL3N5bmMvTGl0ZXJhdHVyZS9TYXVlcmxhbmRfMjAwNF9TY2FsYXIgSW1wbGljYXR1cmVzIGluIENvbXBsZXggU2VudGVuY2VzLnBkZgATAAEvAAAVAAIADP//AACABtIbHB0eWiRjbGFzc25hbWVYJGNsYXNzZXNdTlNNdXRhYmxlRGF0YaMdHyBWTlNEYXRhWE5TT2JqZWN00hscIiNcTlNEaWN0aW9uYXJ5oiIgXxAPTlNLZXllZEFyY2hpdmVy0SYnVHJvb3SAAQAIABEAGgAjAC0AMgA3AEAARgBNAFUAYABnAGoAbABuAHEAcwB1AHcAhACOAPUA+gECA1ADUgNXA2IDawN5A30DhAONA5IDnwOiA7QDtwO8AAAAAAAAAgEAAAAAAAAAKAAAAAAAAAAAAAAAAAAAA74=}}

@book{Kruschke2011:Doing-Bayesian-,
	Address = {Burlington, MA},
	Author = {John E. Kruschke},
	Date-Added = {2013-04-12 12:46:44 +0000},
	Date-Modified = {2014-01-30 11:12:53 +0000},
	Publisher = {Academic Press},
	Title = {Doing {B}ayesian Data Analysis},
	Year = {2011}}

@book{Fery93,
	Address = {T\"ubingen},
	Author = {Caroline F\'{e}ry},
	Publisher = {Niemeyer.},
	Title = {German intonational patterns},
	Year = {1993}}

@article{Geurts2009:Scalar-Implicat,
	Author = {Bart Geurts},
	Date-Added = {2008-09-05 12:18:39 +0200},
	Date-Modified = {2009-02-19 08:26:17 +0100},
	Journal = {Mind and Language},
	Local-Url = {file://localhost/Users/micha/Desktop/data/sync/Literature/Geurts_2009_Scalar%20Implicature%20and%20Local%20Pragmatics.pdf},
	Number = {1},
	Pages = {51--79},
	Title = {Scalar Implicature and Local Pragmatics},
	Volume = {24},
	Year = {2009},
	Bdsk-File-1 = {YnBsaXN0MDDUAQIDBAUGJCVYJHZlcnNpb25YJG9iamVjdHNZJGFyY2hpdmVyVCR0b3ASAAGGoKgHCBMUFRYaIVUkbnVsbNMJCgsMDxJXTlMua2V5c1pOUy5vYmplY3RzViRjbGFzc6INDoACgAOiEBGABIAFgAdccmVsYXRpdmVQYXRoWWFsaWFzRGF0YV8QYC4uLy4uLy4uLy4uL0Rlc2t0b3AvZGF0YS9zeW5jL0xpdGVyYXR1cmUvR2V1cnRzXzIwMDlfU2NhbGFyIEltcGxpY2F0dXJlIGFuZCBMb2NhbCBQcmFnbWF0aWNzLnBkZtIXCxgZV05TLmRhdGFPEQI+AAAAAAI+AAIAAAxNYWNpbnRvc2ggSEQAAAAAAAAAAAAAAAAAAADP1EbmSCsAAAAMe7UfR2V1cnRzXzIwMDlfU2NhbGFyIEltI0M3Q0NGLnBkZgAAAAAAAAAAAAAAAAAAAAAAAAAAAAAAAAAAAAAAAAAAAAx8z8XC0IgAAAAAAAAAAAAEAAUAAAkgAAAAAAAAAAAAAAAAAAAACkxpdGVyYXR1cmUAEAAIAADP1CrGAAAAEQAIAADFwsJ4AAAAAQAYAAx7tQAMezsAC6hmAAq8iQAJPggAAmb5AAIAW01hY2ludG9zaCBIRDpVc2VyczoAbWljaGE6AERlc2t0b3A6AGRhdGE6AHN5bmM6AExpdGVyYXR1cmU6AEdldXJ0c18yMDA5X1NjYWxhciBJbSNDN0NDRi5wZGYAAA4AcAA3AEcAZQB1AHIAdABzAF8AMgAwADAAOQBfAFMAYwBhAGwAYQByACAASQBtAHAAbABpAGMAYQB0AHUAcgBlACAAYQBuAGQAIABMAG8AYwBhAGwAIABQAHIAYQBnAG0AYQB0AGkAYwBzAC4AcABkAGYADwAaAAwATQBhAGMAaQBuAHQAbwBzAGgAIABIAEQAEgBgVXNlcnMvbWljaGEvRGVza3RvcC9kYXRhL3N5bmMvTGl0ZXJhdHVyZS9HZXVydHNfMjAwOV9TY2FsYXIgSW1wbGljYXR1cmUgYW5kIExvY2FsIFByYWdtYXRpY3MucGRmABMAAS8AABUAAgAM//8AAIAG0hscHR5aJGNsYXNzbmFtZVgkY2xhc3Nlc11OU011dGFibGVEYXRhox0fIFZOU0RhdGFYTlNPYmplY3TSGxwiI1xOU0RpY3Rpb25hcnmiIiBfEA9OU0tleWVkQXJjaGl2ZXLRJidUcm9vdIABAAgAEQAaACMALQAyADcAQABGAE0AVQBgAGcAagBsAG4AcQBzAHUAdwCEAI4A8QD2AP4DQANCA0cDUgNbA2kDbQN0A30DggOPA5IDpAOnA6wAAAAAAAACAQAAAAAAAAAoAAAAAAAAAAAAAAAAAAADrg==}}

@inproceedings{Plummer2003:JAGS:-A-Program,
	Author = {Martyn Plummer},
	Booktitle = {Proceedings of the 3rd International Workshop on Distributed Statistical Computing},
	Date-Added = {2013-08-13 12:30:47 +0000},
	Date-Modified = {2014-01-30 11:13:22 +0000},
	Editor = {Kurt Hornik and Friedrich Leisch and Achim Zeileis},
	Title = {{JAGS}: {A} Program for Analysis of {B}ayesian Graphical Models Using {G}ibbs Sampling},
	Year = {2003},
	Bdsk-File-1 = {YnBsaXN0MDDUAQIDBAUGJCVYJHZlcnNpb25YJG9iamVjdHNZJGFyY2hpdmVyVCR0b3ASAAGGoKgHCBMUFRYaIVUkbnVsbNMJCgsMDxJXTlMua2V5c1pOUy5vYmplY3RzViRjbGFzc6INDoACgAOiEBGABIAFgAdccmVsYXRpdmVQYXRoWWFsaWFzRGF0YV8QeC4uLy4uLy4uLy4uL0Rlc2t0b3AvZGF0YS9zeW5jL0xpdGVyYXR1cmUvUGx1bW1lcl8yMDAzX0pBR1MgQSBQcm9ncmFtIGZvciBBbmFseXNpcyBvZiBCYXllc2lhbiBHcmFwaGljYWwgTW9kZWxzIFVzaW5nLnBkZtIXCxgZV05TLmRhdGFPEQKGAAAAAAKGAAIAAAxNYWNpbnRvc2ggSEQAAAAAAAAAAAAAAAAAAADP1EbmSCsAAAAMe7UfUGx1bW1lcl8yMDAzX0pBR1MgQSBQI0M3RjI4LnBkZgAAAAAAAAAAAAAAAAAAAAAAAAAAAAAAAAAAAAAAAAAAAAx/KM4v8+4AAAAAAAAAAAAEAAUAAAkgAAAAAAAAAAAAAAAAAAAACkxpdGVyYXR1cmUAEAAIAADP1CrGAAAAEQAIAADOL9fOAAAAAQAYAAx7tQAMezsAC6hmAAq8iQAJPggAAmb5AAIAW01hY2ludG9zaCBIRDpVc2VyczoAbWljaGE6AERlc2t0b3A6AGRhdGE6AHN5bmM6AExpdGVyYXR1cmU6AFBsdW1tZXJfMjAwM19KQUdTIEEgUCNDN0YyOC5wZGYAAA4AoABPAFAAbAB1AG0AbQBlAHIAXwAyADAAMAAzAF8ASgBBAEcAUwAgAEEAIABQAHIAbwBnAHIAYQBtACAAZgBvAHIAIABBAG4AYQBsAHkAcwBpAHMAIABvAGYAIABCAGEAeQBlAHMAaQBhAG4AIABHAHIAYQBwAGgAaQBjAGEAbAAgAE0AbwBkAGUAbABzACAAVQBzAGkAbgBnAC4AcABkAGYADwAaAAwATQBhAGMAaQBuAHQAbwBzAGgAIABIAEQAEgB4VXNlcnMvbWljaGEvRGVza3RvcC9kYXRhL3N5bmMvTGl0ZXJhdHVyZS9QbHVtbWVyXzIwMDNfSkFHUyBBIFByb2dyYW0gZm9yIEFuYWx5c2lzIG9mIEJheWVzaWFuIEdyYXBoaWNhbCBNb2RlbHMgVXNpbmcucGRmABMAAS8AABUAAgAM//8AAIAG0hscHR5aJGNsYXNzbmFtZVgkY2xhc3Nlc11OU011dGFibGVEYXRhox0fIFZOU0RhdGFYTlNPYmplY3TSGxwiI1xOU0RpY3Rpb25hcnmiIiBfEA9OU0tleWVkQXJjaGl2ZXLRJidUcm9vdIABAAgAEQAaACMALQAyADcAQABGAE0AVQBgAGcAagBsAG4AcQBzAHUAdwCEAI4BCQEOARYDoAOiA6cDsgO7A8kDzQPUA90D4gPvA/IEBAQHBAwAAAAAAAACAQAAAAAAAAAoAAAAAAAAAAAAAAAAAAAEDg==}}

@book{Grabe98,
	Address = {Wageningen},
	Author = {Esther Grabe},
	Publisher = {Ponsen en Looien},
	Series = {MPI Series in Psycholinguistics},
	Title = {Comparative Intonational Phonology: English and German},
	Volume = {7},
	Year = {1998}}

@article{ChemlaSingh2014:Remarks-on-the-,
	Author = {Emmanuel Chemla and Raij Singh},
	Date-Added = {2014-11-20 11:18:16 +0000},
	Date-Modified = {2014-11-20 11:54:56 +0000},
	Journal = {Language and Linguistics Compass},
	Number = {9},
	Pages = {373--386, 387--399},
	Title = {Remarks on the Experimental Turn in the Study of Scalar Implicature (Part I \& II)},
	Volume = {8},
	Year = {2014},
	Bdsk-File-1 = {YnBsaXN0MDDUAQIDBAUGJCVYJHZlcnNpb25YJG9iamVjdHNZJGFyY2hpdmVyVCR0b3ASAAGGoKgHCBMUFRYaIVUkbnVsbNMJCgsMDxJXTlMua2V5c1pOUy5vYmplY3RzViRjbGFzc6INDoACgAOiEBGABIAFgAdccmVsYXRpdmVQYXRoWWFsaWFzRGF0YV8Qhy4uLy4uLy4uLy4uL0Rlc2t0b3AvZGF0YS9zeW5jL0xpdGVyYXR1cmUvQ2hlbWxhU2luZ2hfMjAxNF9SZW1hcmtzIG9uIHRoZSBFeHBlcmltZW50YWwgVHVybiBpbiB0aGUgU3R1ZHkgb2YgU2NhbGFyIEltcGxpY2F0dXJlIChQYXJ0LnBkZtIXCxgZV05TLmRhdGFPEQK0AAAAAAK0AAIAAAxNYWNpbnRvc2ggSEQAAAAAAAAAAAAAAAAAAADP1EbmSCsAAAAMe7UfQ2hlbWxhU2luZ2hfMjAxNF9SZW0jNTIwNTBELnBkZgAAAAAAAAAAAAAAAAAAAAAAAAAAAAAAAAAAAAAAAAAAAFIFDdCTjHYAAAAAAAAAAAAEAAUAAAkgAAAAAAAAAAAAAAAAAAAACkxpdGVyYXR1cmUAEAAIAADP1CrGAAAAEQAIAADQk35mAAAAAQAYAAx7tQAMezsAC6hmAAq8iQAJPggAAmb5AAIAW01hY2ludG9zaCBIRDpVc2VyczoAbWljaGE6AERlc2t0b3A6AGRhdGE6AHN5bmM6AExpdGVyYXR1cmU6AENoZW1sYVNpbmdoXzIwMTRfUmVtIzUyMDUwRC5wZGYAAA4AvgBeAEMAaABlAG0AbABhAFMAaQBuAGcAaABfADIAMAAxADQAXwBSAGUAbQBhAHIAawBzACAAbwBuACAAdABoAGUAIABFAHgAcABlAHIAaQBtAGUAbgB0AGEAbAAgAFQAdQByAG4AIABpAG4AIAB0AGgAZQAgAFMAdAB1AGQAeQAgAG8AZgAgAFMAYwBhAGwAYQByACAASQBtAHAAbABpAGMAYQB0AHUAcgBlACAAKABQAGEAcgB0AC4AcABkAGYADwAaAAwATQBhAGMAaQBuAHQAbwBzAGgAIABIAEQAEgCHVXNlcnMvbWljaGEvRGVza3RvcC9kYXRhL3N5bmMvTGl0ZXJhdHVyZS9DaGVtbGFTaW5naF8yMDE0X1JlbWFya3Mgb24gdGhlIEV4cGVyaW1lbnRhbCBUdXJuIGluIHRoZSBTdHVkeSBvZiBTY2FsYXIgSW1wbGljYXR1cmUgKFBhcnQucGRmAAATAAEvAAAVAAIADP//AACABtIbHB0eWiRjbGFzc25hbWVYJGNsYXNzZXNdTlNNdXRhYmxlRGF0YaMdHyBWTlNEYXRhWE5TT2JqZWN00hscIiNcTlNEaWN0aW9uYXJ5oiIgXxAPTlNLZXllZEFyY2hpdmVy0SYnVHJvb3SAAQAIABEAGgAjAC0AMgA3AEAARgBNAFUAYABnAGoAbABuAHEAcwB1AHcAhACOARgBHQElA90D3wPkA+8D+AQGBAoEEQQaBB8ELAQvBEEERARJAAAAAAAAAgEAAAAAAAAAKAAAAAAAAAAAAAAAAAAABEs=}}

@unpublished{FoxSpector:Economy-and-Emb,
	Author = {Danny Fox and Benjamin Spector},
	Date-Added = {2011-03-22 15:20:36 +0100},
	Date-Modified = {2011-03-25 12:14:45 +0100},
	Month = {May},
	Note = {Handout for a talk given at Cornell University},
	Title = {Economy and Embedded Exhaustification},
	Url = {http://web.mit.edu/linguistics/people/faculty/fox/Fox_Spector_Cornell.pdf},
	Year = {2009},
	Bdsk-File-1 = {YnBsaXN0MDDUAQIDBAUGJCVYJHZlcnNpb25YJG9iamVjdHNZJGFyY2hpdmVyVCR0b3ASAAGGoKgHCBMUFRYaIVUkbnVsbNMJCgsMDxJXTlMua2V5c1pOUy5vYmplY3RzViRjbGFzc6INDoACgAOiEBGABIAFgAdccmVsYXRpdmVQYXRoWWFsaWFzRGF0YV8QYi4uLy4uLy4uLy4uL0Rlc2t0b3AvZGF0YS9zeW5jL0xpdGVyYXR1cmUvRm94U3BlY3Rvcl8yMDA5X0Vjb25vbXkgYW5kIEVtYmVkZGVkIEV4aGF1c3RpZmljYXRpb24ucGRm0hcLGBlXTlMuZGF0YU8RAkQAAAAAAkQAAgAADE1hY2ludG9zaCBIRAAAAAAAAAAAAAAAAAAAAM/URuZIKwAAAAx7tR9Gb3hTcGVjdG9yXzIwMDlfRWNvbm8jQzdDOTMucGRmAAAAAAAAAAAAAAAAAAAAAAAAAAAAAAAAAAAAAAAAAAAADHyTybN9JQAAAAAAAAAAAAQABQAACSAAAAAAAAAAAAAAAAAAAAAKTGl0ZXJhdHVyZQAQAAgAAM/UKsYAAAARAAgAAMmzbxUAAAABABgADHu1AAx7OwALqGYACryJAAk+CAACZvkAAgBbTWFjaW50b3NoIEhEOlVzZXJzOgBtaWNoYToARGVza3RvcDoAZGF0YToAc3luYzoATGl0ZXJhdHVyZToARm94U3BlY3Rvcl8yMDA5X0Vjb25vI0M3QzkzLnBkZgAADgB0ADkARgBvAHgAUwBwAGUAYwB0AG8AcgBfADIAMAAwADkAXwBFAGMAbwBuAG8AbQB5ACAAYQBuAGQAIABFAG0AYgBlAGQAZABlAGQAIABFAHgAaABhAHUAcwB0AGkAZgBpAGMAYQB0AGkAbwBuAC4AcABkAGYADwAaAAwATQBhAGMAaQBuAHQAbwBzAGgAIABIAEQAEgBiVXNlcnMvbWljaGEvRGVza3RvcC9kYXRhL3N5bmMvTGl0ZXJhdHVyZS9Gb3hTcGVjdG9yXzIwMDlfRWNvbm9teSBhbmQgRW1iZWRkZWQgRXhoYXVzdGlmaWNhdGlvbi5wZGYAEwABLwAAFQACAAz//wAAgAbSGxwdHlokY2xhc3NuYW1lWCRjbGFzc2VzXU5TTXV0YWJsZURhdGGjHR8gVk5TRGF0YVhOU09iamVjdNIbHCIjXE5TRGljdGlvbmFyeaIiIF8QD05TS2V5ZWRBcmNoaXZlctEmJ1Ryb290gAEACAARABoAIwAtADIANwBAAEYATQBVAGAAZwBqAGwAbgBxAHMAdQB3AIQAjgDzAPgBAANIA0oDTwNaA2MDcQN1A3wDhQOKA5cDmgOsA68DtAAAAAAAAAIBAAAAAAAAACgAAAAAAAAAAAAAAAAAAAO2}}

