% This file was created with JabRef 2.6.
% Encoding: Cp1252

@ARTICLE{Chemlatoappear,
  author = {Emmanuel Chemla and Benjamin Spector},
  title = {Experimental evidence for embedded scalar implicatures},
  journal = {Journal of Semantics},
  year = {to appear},
  owner = {obxfs01},
  timestamp = {2011.02.23}
}

@ARTICLE{Geurts2009,
  author = {Bart Geurts and Nausicaa Pouscoulous},
  title = {Embedded implicatures?!?},
  journal = {Semantics and pragmatics},
  year = {2009},
  volume = {2},
  pages = {1-34},
  number = {4},
  owner = {obxfs01},
  timestamp = {2011.02.24}
}

@ARTICLE{Sternberg1966,
  author = {Saul Sternberg},
  title = {High Speed Scanning in Human Memory},
  journal = {Science},
  year = {1966},
  volume = {5},
  pages = {652-654},
  owner = {obxfs01},
  timestamp = {2011.02.25}
}

@comment{jabref-meta: selector_publisher:}

@comment{jabref-meta: selector_author:}

@comment{jabref-meta: selector_journal:}

@comment{jabref-meta: selector_keywords:}

